1832 2463
781 190 885 229 ium
911 190 1085 230 anonum-
1251 208 1254 210 ⁴
1590 198 1656 230 105

312 286 411 324 vm.
457 285 508 322 De
530 284 761 325 Maximiliani,
792 277 878 329 quod
898 286 1063 332 sequitur,
1091 283 1268 331 privilegio,
1307 289 1368 321 aut
1390 284 1549 322 facultate
1571 297 1662 322 coro·-

220 346 318 383 nandi
335 351 459 392 poetas,
481 343 649 390 impertita
667 342 787 382 Celti,
811 343 957 388 ejusdem
979 345 1014 379 in
1029 354 1167 379 munere
1185 343 1384 389 professoria
1398 345 1660 385 successoribus,

217 415 300 451 quae
323 404 457 449 cognitu
478 402 579 447 digna
602 406 701 441 sunt,
728 399 836 446 capite
859 401 964 445 primo
987 401 1168 442 attulimus,
1192 401 1309 436 eadem
1331 401 1373 436 de
1397 411 1434 437 re
1457 401 1662 439 differentes.

216 459 414 506 Fragmenta
437 471 480 494 ex
494 459 666 494 Caesareis
688 458 810 493 litteris
840 458 1034 494 adduximus
1064 460 1108 494 ad
1130 458 1354 502 confirmanda
1376 471 1433 500 ea,
1470 460 1512 495 de
1536 461 1659 505 quibus

218 529 293 553 eam
316 519 350 553 in
374 528 447 552 rem
470 516 572 551 verba
591 513 741 549 fecimus.
794 512 918 550 Lubnit
940 521 1052 551 tamen
1071 516 1222 559 Diploma
1246 516 1316 560 Imp
1373 518 1470 557 toris,
1496 518 1658 561 quoniam

218 582 289 610 tam
311 575 495 618 gloriosum
518 578 570 607 est
598 570 834 615 Maximianum
873 583 972 617 quam
1005 578 1057 607 est
1090 572 1306 607 honorificum
1318 527 1453 614 Ἐίΐί,
1490 574 1659 618 integrum

215 631 336 667 referre
359 630 393 665 in
411 628 630 676 Appmdicem5
654 640 694 663 eo
716 639 852 674 prorsus
869 629 985 669 modo,
1006 639 1078 674 quo
1097 630 1236 674 primum
1259 641 1278 664 a
1295 628 1401 664 Celte
1424 631 1487 665 hoc
1505 631 1539 665 in
1557 643 1655 677 opere

216 688 422 733 publicatum
439 687 508 722 fuit.

318 758 452 793 Primam
483 758 570 791 hanc
599 755 694 808 istius
724 755 889 800 privilegii
919 756 1097 791 editionem
1129 754 1318 791 Celticum
1347 764 1547 801 exceperunt
1574 759 1658 792 aliae

216 817 301 851 inter
324 826 360 850 se
388 816 423 851 in
446 813 611 849 nonnuliis
637 813 868 856 discrepantes.
917 813 1084 848 Exhibeat
1113 813 1195 848 illud
1225 821 1301 858 post
1327 813 1472 848 Celtem
1500 813 1654 855 Freherus,

142 881 150 885 ⁸
218 884 248 916 p.
267 883 344 914 239.
377 873 580 916 Scriptorum
603 880 714 904 rerum
739 870 895 904 German.
925 869 1025 905 Tom.
1042 870 1082 904 Π.
1130 867 1291 903 Gotdastus
1315 881 1345 914 p.
1365 876 1444 913 482.
1476 871 1657 907 constitut.

215 928 372 973 imperial.
395 927 493 963 Tom.
508 927 562 962 111.
609 924 689 973 eJ'ac.
703 923 911 959 Burckhardus
942 935 974 968 p.
993 932 1069 964 1⁸8.
1098 926 1136 959 P.
1157 925 1196 959 II.
1231 927 1273 960 de
1295 926 1373 960 fatis
1394 928 1432 961 L.
1454 928 1491 961 L.
1521 928 1557 962 in
1575 931 1659 963 Ger-

215 985 336 1020 mania.
382 981 445 1032 <3⁰-
461 982 600 1019 seldenus
623 994 654 1028 p.
673 986 746 1025 ¹30.
770 982 805 1017 P.
824 981 861 1016 11.
886 981 929 1016 de
947 980 1054 1016 titulis
1072 981 1249 1021 honorum,
1273 981 1350 1016 edit.
1366 982 1439 1017 Lat.
1487 982 1661 1019 Lambecius

177 1061 183 1065 κ
216 1053 248 1087 p.
264 1052 319 1084 32.
342 1041 436 1076 Tom.
457 1041 481 1076 I.
511 1041 586 1076 bibl.
606 1039 753 1085 August.
805 1036 870 1086 <3⁰-
895 1038 1041 1072 Hmrims
1067 1049 1088 1072 a
1108 1037 1207 1073 Seelm
1235 1050 1265 1083 p.
1288 1045 1367 1083 488.
1410 1039 1532 1075 Select.
1545 1042 1663 1077 Litter.

218 1099 350 1143 prolixo
374 1098 613 1133 commentario
636 1097 775 1132 eandem
798 1094 921 1130 Buaam
951 1095 1130 1130 illustravit
1160 1093 1295 1130 Lubecae
1320 1099 1418 1140 1726.
1468 1103 1502 1135 8.

307 1178 372 1213 IX.
419 1176 619 1212 Adnectitur
640 1175 804 1219 Privilegio
824 1174 1041 1218 imperatoris,
1063 1184 1143 1208 mox
1165 1175 1318 1213 laudato,
1352 1175 1505 1210 Vincmtii
1523 1175 1664 1221 Longini

214 1234 431 1280 Panegyricus,
461 1243 520 1279 pro
537 1233 706 1272 instituto,
730 1237 900 1277 poetarum
924 1236 958 1265 et
981 1230 1294 1266 mathematicorum
1318 1232 1468 1277 collegio.
1515 1232 1656 1278 Incipit:

215 1291 299 1328 Acta
321 1292 399 1326 velut
424 1292 518 1337 primi
540 1294 708 1335 rapuerunt
737 1299 863 1333 aequora
893 1293 1018 1322 nautae:
1061 1288 1309 1333 absolviturque
1340 1290 1492 1326 versibus
1514 1291 1658 1326 heroicis

220 1354 308 1396 ¹⁶73
342 1349 448 1385 dictus
467 1355 528 1389 est,
553 1353 592 1382 ut
614 1347 649 1382 in
662 1346 729 1381 fine
751 1346 890 1390 legitur:
919 1344 1154 1393 Anno-Domini
1175 1344 1227 1380 M.
1243 1345 1287 1379 D.
1313 1352 1340 1380 et
1357 1348 1426 1381 novi
1439 1348 1511 1381 anni
1523 1347 1655 1388 secundo,

218 1406 373 1442 Kalendas
393 1404 558 1441 Februarii.
605 1404 757 1440 Celebrat
779 1407 878 1449 poeta
891 1401 1101 1437 Maximiliani
1123 1402 1237 1438 laudes
1262 1403 1471 1448 potissimum
1498 1416 1518 1439 a
1539 1404 1658 1445 favore,

216 1465 395 1510 studioque
414 1465 450 1499 in
464 1464 613 1506 litteras3
640 1473 706 1507 quo
729 1459 940 1507 potissimum
963 1465 1097 1495 revocat
1118 1460 1320 1496 erectionem
1337 1462 1466 1506 collegii
1488 1467 1657 1507 poetarum

144 1536 147 1539 “
216 1530 251 1557 et
273 1522 593 1557 mathematicorum.
640 1519 758 1563 Neque
780 1518 1014 1564 praetermittit
1043 1516 1110 1552 Cel
1116 1519 1169 1552 tis
1197 1517 1249 1552 sui
1279 1518 1364 1553 circa
1395 1519 1494 1554 finem
1522 1517 1660 1563 injicere

216 1579 441 1622 mentionem;
477 1578 556 1613 dum
579 1568 627 1612 ita
650 1576 761 1612 canit:

414 1647 529 1683 Audiit
556 1652 595 1681 ut
617 1657 720 1690 nuper
743 1646 885 1690 lyricum
908 1655 1063 1680 resonare
1084 1656 1204 1688 poema

423 1704 581 1740 Germani
604 1702 701 1743 vatis,
725 1701 848 1736 Phoebi
870 1706 1041 1746 praesente
1063 1705 1214 1735 caterva:

423 1762 549 1797 Obtulit
572 1760 648 1796 huic
672 1759 767 1795 hilari
791 1769 870 1793 mox
893 1758 985 1803 regia
1007 1768 1148 1794 munera
1171 1757 1266 1794 vultu

423 1819 579 1859 Munera,
606 1828 691 1863 quae
713 1818 834 1852 donare
856 1808 968 1861 potest
987 1817 1222 1851 tantummodo
1242 1816 1384 1851 Caesar:

424 1876 514 1911 Nam
538 1877 625 1921 potis
648 1881 701 1912 est
722 1876 814 1911 lauro
836 1884 952 1910 sacros
976 1875 1133 1910 decorare
1153 1878 1280 1918 poetas,

427 1931 555 1966 Celtis
577 1934 613 1968 in
635 1932 812 1968 Austriaca
835 1932 1044 1967 memorandi
1063 1931 1219 1974 Principis
1239 1930 1327 1967 aula.

309 2024 485 2067 Quodnam
510 2024 651 2071 lyricum
674 2024 755 2060 illud
781 2023 907 2059 Celtis
930 2034 1047 2069 poema
1070 2021 1132 2062 sit,
1167 2031 1233 2066 quo
1256 2026 1388 2056 tantam
1410 2019 1564 2058 Caesaris
1585 2037 1660 2070 gra-

216 2084 298 2120 tiam
320 2083 446 2123 inierit,
477 2082 605 2117 utinam
626 2081 825 2117 luculentius
838 2081 1066 2126 ‘expressisset
1081 2078 1247 2124 Longinus,
1270 2084 1310 2115 ut
1332 2078 1368 2115 in
1385 2079 1473 2115 illius
1492 2084 1661 2125 pervenire

215 2141 370 2179 notitiam
392 2139 523 2176 facilius
545 2148 731 2185 possemus=
1399 2190 1440 2223 15
