1832 2463
748 151 864 178 orna
890 153 1123 180 ROSWITHAE·
1611 152 1653 185 89

201 233 298 278 jussa
320 233 360 268 ab
380 233 530 268 antistite
561 233 593 268 ei
614 234 750 279 negotio
773 233 1138 275 manumadmoverit,
1164 232 1453 275 Gandelheimmsis,
1477 242 1517 271 ut
1539 239 1657 281 scribit,

202 290 305 346 ultima
326 290 510 339 ultimarum,
538 301 611 336 quac
643 289 697 326 sub
722 290 888 337 Gerbergae
909 291 1039 327 dominio
1068 292 1205 327 militant.
1264 293 1410 328 Demum
1434 292 1662 340 archipraesulis

204 346 361 385 Withetmi-
374 346 509 394 judicio,
532 350 698 394 quomodo
715 349 907 384 confectum
926 350 973 385 sit
997 361 1091 395 opus,
1113 350 1358 385 aestimandum
1381 349 1553 396 relinquit.

292 429 421 475 Duplex
443 434 495 464 est
517 429 679 479 praefatio
698 428 852 470 metrica,
880 422 1254 482 Panegyrico‘praex⁷ia.
1308 431 1401 466 Prior
1424 432 1584 480 inscripta
1607 443 1662 472 est

205 487 307 522 Othoni
330 487 357 521 I.
385 487 483 531 imp„
515 486 720 530 incipitque:
765 483 879 519 Toums
909 486 1023 530 imperii
1049 493 1186 532 regnator
1211 486 1387 522 Caesaream·
1414 488 1474 526 &a
1542 493 1658 530 Altera

199 556 324 581 nomen
347 543 490 589 praefert
516 540 635 576 ottonis
648 540 721 583 IL,
753 541 848 587 cujus
871 542 938 577 hoc
957 550 1011 578 est
1033 544 1187 580 initium:
1222 544 1294 579 Otto
1318 545 1446 581 Romani
1468 551 1658 596 praqshlgem

199 603 342 647 gemmula
363 600 448 644 regni
459 598 528 652 &a
585 600 643 654 Ex-
658 599 831 634 versiculis
855 601 1105 637 succedentibus
1128 602 1309 646 colligitur,
1341 604 1444 640 etiam
1470 604 1591 642 Otto-is
1609 609 1657 643 II.

199 660 343 704 iussione
366 657 457 692 hunc
479 666 554 691 esse
575 657 820 702 Panegyricum
843 656 1040 694 adornatum
1064 671 1085 694 a
1104 658 1272 695 Roswitha.

287 739 324 773 In
337 738 513 782 Panegyrici
535 737 601 773 fine
624 738 662 773 fit
685 739 812 774 mentio
837 739 944 784 Papae
964 740 1171 776 exauctorati
1193 741 1235 777 ab
1253 740 1379 781 Omne,-
1411 743 1452 778 de
1475 754 1541 789 quo
1566 748 1653 783 vatis

197 802 308 832 nostra
330 796 379 840 ita,
400 795 508 831 canit:

425 852 575 893 Qualiter
594 858 630 886 et
652 852 733 886 recti
757 860 978 897 compunctus
1002 853 1154 889 acumine
1173 855 1255 895 zeli,

426 910 606 943 Summum
631 908 820 952 pontificem
846 910 1185 954 quaedam‘perversa
1209 917 1406 955 patrantem,

427 965 513 1011 Ejus*
531 975 592 999 nec
616 965 752 1000 monitis
775 972 960 1001 cessantem
984 966 1101 1001 cedere
1124 966 1259 1007 crebris,

421 1023 519 1059 Sedis
540 1023 741 1068 apostolicae
761 1024 903 1059 fraudari
931 1024 1010 1059 fecit
1031 1025 1158 1059 honore
1168 1036 1181 1068 ,-

425 1081 642 1122 Constituens
666 1080 768 1116 alium
787 1082 925 1116 rectoris
946 1082 1082 1117 nomine
1104 1082 1255 1126 dignum.

284 1152 372 1192 Quid
390 1151 477 1196 juris
500 1151 665 1194 quondam
684 1151 889 1185 exercuerint
904 1151 1118 1195 imperatores
1141 1150 1177 1185 in
1191 1151 1362 1196 pontifices
1380 1150 1558 1191 Romanos
1580 1163 1650 1187 non

195 1209 353 1254 ignorant
375 1206 619 1243 ecclesiasticae
632 1206 789 1242 historiae
812 1207 954 1242 studiosi
976 1208 1140 1250 cultores3
1164 1218 1272 1253 neque
1295 1208 1376 1252 ipsis
1392 1208 1649 1252 incompertum,

191 1278 276 1312 quae
299 1266 397 1301 fuerit
422 1264 560 1300 ottonum
579 1264 752 1308 praecipue
782 1276 861 1300 cum
886 1264 1045 1299 Romanis
1075 1265 1196 1309 agendi
1216 1265 1313 1301 ratio.
1353 1266 1454 1305 'Quae
1476 1263 1651 1301 Roswithae

191 1335 230 1359 ea
253 1324 293 1359 de
316 1333 352 1358 re
375 1333 473 1358 sensa
494 1321 631 1357 fuerint.
661 1328 752 1366 patet
776 1333 818 1357 ex
841 1321 950 1358 allatis
973 1321 1158 1357 versiculis.

281 1413 348 1449 VI.
397 1415 522 1449 Ornata
545 1420 624 1450 sunt
655 1414 739 1448 haec
758 1412 929 1449 Roswithae
953 1416 1053 1458 opera
1082 1412 1260 1458 imaginibus
1291 1419 1383 1453 octo,
1412 1414 1503 1457 ligno
1527 1415 1649 1449 incisis.

189 1471 304 1516 Imago
326 1471 441 1516 prima.
473 1481 559 1517 quae
583 1472 679 1507 obvia
701 1477 753 1507 est
783 1471 817 1506 in
840 1471 909 1506 folii
931 1471 1027 1517 primi
1053 1481 1168 1506 aversa
1194 1471 1294 1512 facie,
1322 1471 1456 1506 exhibet
1480 1468 1649 1515 Celtem;

189 1530 408 1576 provolutum
432 1531 467 1565 in
488 1542 608 1576 genua,
634 1529 889 1574 efferentemque
912 1528 1063 1564 Friderico
1086 1529 1250 1565 Saxoniae
1274 1528 1416 1573 principi
1441 1528 1588 1564 electori,
1612 1530 1648 1564 in

188 1588 280 1623 solio·
295 1587 443 1627 sublimi,
476 1586 647 1623 Roswitlzae
672 1598 781 1632 opera.
838 1585 972 1631 Effigies
996 1587 1117 1644 alteia,
1150 1596 1236 1631 quae
1257 1589 1423 1629 comparet
1452 1590 1530 1619 ante
1553 1596 1649 1631 prae-

187 1645 357 1683 sationem,
382 1649 443 1677 aut
465 1645 637 1688 epistolam
664 1642 794 1678 Celtis
816 1643 1064 1683 dedicatoriam,
1088 1642 1272 1677 Roswitlzam
1295 1646 1539 1686 repraesentat,
1565 1643 1649 1678 dum

186 1703 310 1748 poplite
331 1700 435 1742 flexo,
464 1698 566 1735 ottoni
587 1699 784 1744 imperatori,
808 1699 935 1733 sedenti
958 1699 993 1733 in
1014 1699 1158 1735 throno,
1179 1700 1300 1734 librum
1322 1699 1432 1739 tradit,
1458 1698 1557 1734 lateri
1576 1701 1648 1746 ejus

188 1761 366 1795 assistente
390 1756 542 1802 Gerberga
563 1758 735 1793 abbatissa.
791 1756 931 1801 Figurae
952 1767 1013 1791 sex
1036 1756 1182 1801 reliquae
1204 1755 1454 1800 conspiciuntur
1477 1764 1555 1792 ante
1578 1759 1647 1792 sin-

186 1817 286 1863 gulas
308 1826 368 1850 sex
392 1816 600 1859 comoedias;
639 1815 825 1859 sistuntque
853 1824 1017 1859 personas
1040 1814 1233 1860 primarias,
1262 1824 1348 1859 quae
1378 1813 1413 1847 in
1435 1813 1532 1847 dictis
1555 1814 1644 1850 ludis

187 1877 358 1919 loquentes
387 1873 594 1909 inducuntur.
647 1874 736 1909 Sunt
763 1873 848 1908 istae
876 1872 988 1908 icones
1020 1872 1056 1908 in
1087 1872 1159 1907 aliis
1191 1870 1431 1915 exemplaribus
1461 1871 1648 1908 illustratae

188 1932 349 1969 coloribus
375 1930 478 1971 vivis,
495 1930 545 1968 ¹in
570 1931 644 1966 aliis
666 1930 789 1974 nigrae.

282 2025 368 2060 Vll.
414 2022 570 2059 clausula
592 2022 697 2057 totius
720 2022 844 2067 operis:
875 2018 959 2055 Finis
981 2031 1096 2065 operum
1114 2017 1285 2055 Rosmithae
1312 2018 1494 2055 clarissimae
1509 2022 1654 2067 virginis,-

187 2089 215 2118 et
228 2082 364 2119 marialis
375 2081 576 2123 Germanicae,
597 2086 678 2127 gente
692 2079 843 2117 Saxonica
857 2084 948 2114 ortae.
993 2077 1169 2124 Impressum
1182 2076 1404 2123 Nonmbergae,
1424 2078 1477 2128 sab
1491 2080 1653 2126 privilegio

813 2136 817 2141 ¹
1285 2139 1328 2171 13
