1832 2463
235 155 283 198 zo
777 161 849 186 mn.
872 161 915 186 11.
956 159 1036 190 cn.
1058 161 1133 192 zu.

441 239 755 289 Quaeeastaest?
787 240 1353 288 dequamentirifimaveoemn

441 302 534 343 Quod
555 298 724 345 prudentis
746 299 862 345 opus‘r²
900 310 977 340 cum
1000 299 1126 346 possit,
1158 301 1249 338 nolle
1271 311 1399 340 nocere.

437 358 521 399 Quid
546 357 639 393 stulti
656 352 835 410 proprium
848 356 868 384 ‘²
905 369 974 394 non
997 369 1111 404 posse,
1141 364 1176 395 et
1197 360 1284 397 velle
1304 371 1434 398 nocere.

319 452 357 488 In
379 446 595 496 sequentibus
618 450 763 488 varietas
787 450 1043 498 deprehenditur
1065 452 1167 499 longe
1188 452 1303 500 major.
1362 440 1401 491 In
1418 452 1544 492 Chilone
1566 454 1676 492 mutili

227 515 400 547 occurrunt
423 519 551 544 versus·
598 508 798 545 Versiculus
827 510 957 554 integer
987 509 1201 549 desideratur.
1249 511 1321 546 Alii
1351 512 1398 547 ita
1431 513 1608 558 propositi,
1638 519 1676 548 ut

226 579 325 605 sanus
346 565 423 601 inde
447 576 567 601 sensus
589 565 682 602 haud
702 567 826 602 redeat.
880 567 976 608 Quae
998 579 1060 603 nos
1083 568 1120 603 in
1140 578 1214 604 eam
1237 569 1473 614 cogitationem
1495 570 1674 611 adducunt,

226 632 265 661 ut
286 622 497 660 arbitremur.
521 635 542 659 e
564 624 680 659 codice
703 624 925 669 negligentius
949 625 1075 671 scripto
1099 624 1243 660 Cenem
1266 626 1437 662 delibasse.
1457 636 1462 640 “
1484 627 1560 663 Non
1583 626 1675 671 enim

225 681 487 727 existimandum
507 686 577 722 est,
600 680 734 717 horrere
752 680 937 716 Par-mensem
958 681 1138 717 editionem
1157 687 1209 716 tot
1232 687 1366 727 tamque
1388 683 1493 720 foedis
1515 684 1676 727 maculis;

225 741 279 778 cui
297 735 522 778 emendandae
545 750 681 785 operam
704 738 795 775 dedit
824 737 997 777 meldam
1010 732 1182 784 'Ugolmffi
1205 739 1297 775 socia
1320 740 1433 776 studia
1456 742 1573 779 eodem
1596 754 1674 781 con-

225 797 407 834 ferentibus
428 795 585 833 Matthaeo
605 796 720 837 Bosso,
744 802 779 831 et
800 794 920 841 Angeto
943 795 1103 831 Potitium.

270 906 344 944 111.
390 906 595 952 Adjungitur
609 903 716 940 zadun
737 909 844 950 septem
861 902 1052 950 Sapimm,
1076 904 1119 940 ab
1137 902 1271 939 Antonio
1295 916 1323 954 e,
1338 914 1459 950 graeco
1479 902 1672 946 translatus,

227 966 270 1003 ad
279 964 464 1011 Drepanium
473 963 627 1004 Pacauun,
644 962 892 999 Pmconsulem.
940 963 1015 1004 Quo
1030 973 1067 998 se
1080 963 1180 998 modo
1194 963 1341 1000 habeant
1356 964 1413 999 isti
1428 963 1508 1004 ludi,
1531 964 1675 999 adducto

227 1023 263 1059 in
281 1023 431 1058 medium
453 1021 616 1067 exemplo,
639 1019 859 1056 ostendimus.
905 1018 1086 1065 Seligimus
1104 1030 1217 1056 rursus
1231 1019 1379 1061 Bimatem,
1403 1021 1459 1065 qui
1483 1020 1519 1055 in
1537 1020 1674 1066 Sapien-

228 1084 302 1115 tum
326 1079 439 1119 choro,
462 1090 549 1115 nunc
570 1078 656 1114 inter
678 1077 829 1114 ludentes
853 1081 971 1123 quarto
992 1076 1068 1113 loco
1090 1083 1273 1124 comparet3
1303 1078 1458 1124 huncque
1480 1077 1520 1114 in
1536 1078 1674 1115 modum

226 1137 407 1173 fabulaturt

870 1200 890 1225 B
918 1201 930 1226 1
956 1200 978 1226 Δ
1003 1200 1030 1226 s.

475 1249 558 1286 Bias
581 1248 741 1284 Prieneus
763 1246 856 1283 dixi:

474 1307 599 1341 Latine.
614 1305 743 1340 dictum
766 1304 934 1349 suspicor:
972 1306 1007 1344 1)
1030 1303 1135 1338 Plures
1152 1303 1234 1338 mati.

478 1362 616 1396 Dixisse
638 1361 773 1395 nollem.
820 1360 954 1409 Veritas
977 1361 1091 1396 odium
1113 1361 1210 1403 parit.

480 1416 591 1452 Malos
611 1422 646 1451 et
670 1415 842 1460 imperitos
865 1416 934 1450 dixi
957 1422 992 1450 et
1013 1416 1181 1451 barbaros,

478 1474 543 1516 Qui
563 1473 635 1519 jus,
671 1474 708 1512 2)
729 1483 889 1518 aequum,
921 1472 959 1516 3)
982 1478 1077 1508 actos
1100 1484 1208 1509 mores
1233 1474 1418 1520 negligunt.

480 1533 568 1568 Nam
589 1531 732 1577 populus
756 1531 835 1572 iste,
866 1542 933 1576 quo
956 1532 1124 1566 theatrum
1148 1531 1300 1576 cingitur,

477 1587 588 1624 Totus
612 1586 761 1623 beatorum
783 1588 825 1632 4)
849 1594 911 1624 est.
958 1588 1118 1623 Hostium
1142 1588 1240 1623 tellus
1263 1589 1372 1624 habet.

475 1646 609 1682 Dixisse
627 1656 713 1690 quos
735 1656 791 1680 me
813 1645 920 1680 credite
943 1642 984 1690 5)
1007 1646 1114 1690 plures
1140 1646 1256 1680 malos.

473 1704 542 1740 Sed
560 1714 662 1739 nemo
683 1704 861 1748 quisquam
882 1708 952 1738 tam
976 1703 1085 1738 malus
1104 1702 1207 1747 judex
1220 1702 1297 1744 ficit.
1321 1704 1360 1742 ὁ)

479 1761 544 1802 Qui
567 1771 635 1795 non
658 1758 807 1794 amborum
830 1759 869 1803 7)
890 1759 1036 1804 partibus
1062 1771 1099 1794 se
1123 1759 1271 1804 copulet:

476 1819 555 1854 Sive
578 1817 633 1852 ille
655 1828 732 1852 vere
756 1817 859 1851 bonus
877 1823 949 1852 est:
983 1828 1044 1852 seu
1064 1816 1131 1852 dici
1156 1816 1284 1851 studet:

473 1876 547 1921 Jam
568 1874 655 1920 fugit
680 1876 718 1915 8)
744 1871 825 1908 illum
847 1875 972 1909 invisum
992 1886 1094 1910 nomen
1115 1872 1195 1909 mali.

474 1933 578 1970 Abeo.
625 1932 755 1972 valete,
780 1938 816 1969 et
838 1932 1002 1979 plaudite!
1037 1931 1143 1967 Plum
1163 1928 1240 1967 bom‘.

227 2014 381 2043 Lectiones
395 2013 491 2041 variae
514 2022 553 2042 ex
566 2012 668 2042 codice
686 2013 845 2043 Parisinus?
861 2011 900 2042 ad
914 2021 992 2041 usum
1006 2011 1143 2050 Delphini
1168 2013 1197 2044 1)
1215 2011 1328 2042 Desunt
1345 2020 1466 2049 graeca.
1492 2029 1518 2050 0,
1541 2015 1618 2049 πχῖ,
1609 2028 1666 2052 ,ς-ο,

319 2051 419 2085 κακοί,
456 2061 488 2092 2)
511 2062 546 2086 et.
583 2060 615 2093 3)
637 2062 673 2089 et.
709 2059 742 2095 Δ)
765 2048 905 2089 bonam
939 2059 973 2096 5)
996 2058 1116 2089 creditis.
1152 2057 1184 2096 6)
1201 2057 1278 2097 [ναι.
1312 2059 1350 2096 7)
1368 2058 1509 2089 bonorum.
1545 2057 1581 2095 8)
1599 2058 1668 2088 illud

312 2113 411 2134 nomen
428 2104 550 2133 invisum
566 2105 643 2134 mali.
