1832 2463
197 132 260 162 102
740 137 810 160 ua.
837 136 882 160 u.
929 136 1009 160 cu.
1033 138 1115 166 κῃ.
1511 137 1519 156 ι

195 225 431 266 tempestates,
454 223 579 253 aetates
595 216 788 258 hominurn3
815 215 1015 251 Germaniae
1031 214 1188 250 flumina.
1210 222 1360 256 montes,
1385 220 1515 262 sylvas,
1539 222 1654 257 docto-

196 289 273 315 rum
295 277 466 313 hominum
490 274 632 319 patrias3
664 269 761 318 g'esta
780 272 986 318 principum,
1009 272 1112 312 bella,
1137 272 1278 317 praelia,
1301 272 1405 321 busta
1422 280 1485 311 etc.
1522 277 1657 317 Nimius

195 337 251 372 hic
273 335 316 370 ibi
346 334 380 367 in
406 331 645 376 exaggerandis
680 331 858 366 hominum
890 330 1191 366 ecclesiasticorum
1225 329 1327 366 vitiis.
1388 330 1505 376 Neque
1536 335 1658 371 reticet

198 401 326 429 amores
339 415 348 429 ,
376 388 495 434 quibus
528 388 564 423 in
587 388 776 424 civitatibus
807 388 992 433 tenagonis
1029 387 1092 422 fuit
1121 387 1279 423 irretitus.
1336 388 1472 436 Librum
1498 396 1656 436 quartum

197 449 268 484 finit
291 457 368 481 cum
392 446 625 481 exhortatione
647 445 690 481 ad
709 444 921 491 juventutem
946 445 1202 488 Germanicam;
1236 450 1422 492 monetque,
1438 437 1489 483 'ut
1507 447 1657 484 meliori-

196 509 255 543 bus
270 505 401 546 studiis‚
415 516 454 541 ae
468 504 639 540 sanctitati
653 504 745 539 vitae
762 504 799 539 in
815 504 932 548 primis
944 504 1087 539 studeat.
1135 504 1301 549 Huncque
1319 504 1454 540 tandem
1472 505 1507 540 in
1520 506 1661 542 modum

194 569 343 607 peroratt

453 627 574 663 Omnia
597 632 684 661 terra
706 625 778 660 suis
800 625 929 670 sepelit,
956 625 1133 670 conditque
1156 625 1328 661 cavernis:
1351 663 1357 667 ,

519 685 564 719 Et
587 689 679 722 toto,
711 689 841 716 certum
864 688 935 721 est,
966 688 1099 717 constat
1121 682 1157 717 in
1184 683 1261 717 orbe
1284 681 1378 716 nihii.

451 740 534 777 Sola
558 739 755 775 immortalis
778 738 934 784 probitas,
957 735 1127 784 virtusque
1150 740 1213 776 sub
1235 739 1313 775 orbe
1336 743 1410 775 est:

519 800 564 834 Et
587 808 672 843 quae
695 797 871 842 posteritas
892 797 1043 833 carnrina
1066 798 1164 833 docta
1186 798 1314 841 probat.

450 855 651 899 Exemplum
673 854 768 889 vobis
792 854 952 888 imitabile
974 855 1116 893 sumite,
1146 864 1282 897 qinesm

520 911 711 947 Continuus
735 911 829 946 vobis
852 921 918 955 quo
939 911 983 946 sit
1004 911 1039 945 in
1061 911 1138 946 orbe
1162 911 1264 950 labor,

453 969 511 1004 Nil
534 973 686 1013 superest
709 969 751 1002 de
773 978 847 1007 me,
877 969 1012 1012 quando
1034 968 1149 1002 omnia
1171 975 1259 1003 terra
1281 968 1443 1009 dehiscit3

474 1069 481 1072 ,
522 1026 632 1066 Quam
655 1035 742 1070 quae
765 1035 855 1060 nunc
876 1025 970 1060 vobis
993 1032 1143 1061 mortuus
1167 1025 1238 1071 ipse
1261 1025 1389 1070 loquor.

452 1069 609 1117 Mortuus
633 1087 668 1117 et
692 1082 790 1117 vivus
815 1088 910 1117 vates
934 1090 1086 1118 aeternus
1111 1082 1145 1117 in
1170 1084 1249 1118 orbe
1272 1089 1341 1118 est:

471 1153 473 1155 ·
520 1139 566 1172 Et
588 1139 647 1181 qui
672 1138 805 1173 virtutis
828 1143 1010 1173 stemmata
1032 1138 1119 1173 clara
1143 1139 1269 1173 colunt.

287 1259 384 1298 Non,
415 1257 550 1303 opinor,
583 1258 790 1304 exspectabit
817 1269 838 1294 a
861 1260 972 1300 nobis,
1004 1270 1111 1305 neque
1133 1259 1292 1304 flagitabit
1314 1268 1444 1305 aequus
1467 1260 1588 1299 lector,
1618 1263 1658 1295 ut

193 1318 310 1353 demus
333 1321 488 1360 excerpta
510 1316 603 1360 plura
626 1327 669 1351 ex
692 1317 842 1361 elegiaco
876 1317 942 1352 hoc
967 1316 1100 1353 Celtis
1121 1328 1240 1361 opere:
1270 1317 1303 1351 si
1326 1317 1460 1361 quidem
1484 1328 1541 1353 ea,
1572 1328 1660 1361 quae

132 1379 135 1381 ’
195 1375 239 1409 ad
254 1373 365 1409 herois
389 1372 496 1411 nostri
518 1373 748 1408 illustrandam
768 1373 1000 1418 biographiam
1022 1374 1206 1419 quidquam
1224 1375 1333 1410 facere
1351 1373 1556 1414 videbantur,
1577 1374 1659 1409 hinc

195 1431 351 1468 delibata,
377 1427 448 1463 suis
473 1439 622 1473 quaeque
645 1428 726 1464 iocis
750 1429 970 1466 intulerimus.
1017 1430 1133 1466 Solum
1149 1430 1360 1471 adnotamus,
1381 1430 1530 1467 carmina
1545 1430 1659 1467 omnia

194 1488 334 1535 elegiaci
358 1498 434 1523 esse
457 1487 603 1532 genem,
627 1488 774 1532 exceptis
797 1488 924 1523 duobus
947 1488 1017 1524 Lib.
1033 1488 1055 1523 1.
1080 1498 1171 1523 num.
1184 1487 1270 1524 Vlll.
1289 1492 1324 1522 et
1338 1487 1447 1529 X1v.‚
1472 1498 1556 1532 quae
1578 1492 1657 1523 sunt

193 1546 380 1583 hexametri
402 1545 567 1582 duntaxat
588 1544 741 1579 versibus
770 1551 939 1582 contexta.
1002 1545 1242 1590 Complectitur
1272 1545 1340 1580 Lib,
1368 1544 1394 1580 Ι.
1426 1551 1577 1591 poemata
1606 1547 1657 1580 15.

194 1606 231 1641 11.
257 1606 297 1638 13
335 1604 389 1638 ΠΙ.
413 1601 465 1636 14.
490 1602 547 1638 lV.
568 1603 619 1636 15.
667 1602 744 1637 Alia
768 1603 902 1647 quidem
921 1615 962 1639 ex
977 1604 1071 1639 hisce
1090 1603 1216 1648 elegiis,
1238 1609 1315 1645 ante
1326 1602 1397 1648 jam
1414 1604 1541 1638 fuerant
1558 1604 1658 1644 edita,

194 1631 383 1706 excugque
406 1660 549 1695 seorsim
575 1659 668 1694 velut
689 1659 761 1695 Lib.
782 1659 836 1695 111.
867 1662 950 1705 eleg.
969 1661 1010 1696 X.
1024 1687 1033 1700 ‚
1064 1671 1150 1705 quae
1174 1660 1307 1706 incipit:
1344 1659 1443 1707 Quam
1465 1661 1559 1695 variis
1576 1661 1657 1705 satis

194 1720 319 1754 calestia
342 1717 447 1763 sydera
471 1723 575 1752 mentes
598 1716 660 1753 &c.
709 1717 785 1753 Alia
807 1725 882 1763 post
904 1718 990 1754 hanc
1011 1716 1285 1763 Norimbergensem
1308 1718 1506 1753 editionem.
1530 1718 1660 1754 iteratis

194 1777 287 1823 typis
318 1775 490 1819 divulgata
521 1780 787 1819 comparuerunt.
836 1776 891 1810 Sic
914 1774 1090 1810 Ambrosius
1105 1776 1186 1811 Bero
1216 1785 1331 1810 rursus
1361 1775 1539 1819 publicavit
1571 1787 1659 1811 anno

198 1835 285 1870 1507
310 1831 522 1879 (superstite
537 1831 645 1867 adhuc
665 1827 731 1864 Cel
738 1830 798 1874 te)
822 1832 965 1879 elegiam
980 1834 1022 1869 X.
1047 1834 1116 1870 Lib.
1134 1834 1158 1868 1.
1181 1830 1323 1881 ffoamzes
1337 1830 1505 1878 Homburg
1515 1832 1656 1869 eandem

195 1891 341 1932 iteravit,
374 1902 443 1927 una
465 1901 546 1926 cum
570 1888 637 1924 alia
660 1888 734 1934 ejus
757 1889 861 1935 elegia
892 1903 934 1926 ex
961 1892 1031 1927 Lib.
1048 1891 1104 1927 lv.
1132 1891 1215 1935 eleg.
1234 1890 1290 1926 lV.
1323 1889 1448 1935 Lipsiae
1465 1888 1579 1935 >1520.
1621 1900 1655 1932 4.

195 1947 288 1984 Anas
306 1949 441 1985 tandem
458 1947 584 1983 Celtis
606 1942 731 1992 elegias
747 1948 951 1987 recudendas
971 1948 1109 1995 curavit,
1129 1947 1333 1994 inseruitque
1350 1939 1507 1984 Fabricium
1524 1946 1656 1985 mneo-

188 2005 270 2051 surti
291 2004 418 2042 Deliciis
437 2013 588 2052 poetarum
616 2003 756 2043 German.
