1832 2463
736 190 854 219 oms
879 189 1115 219 susm-rma.
1606 190 1653 224 83

200 272 398 320 exemplaria
418 273 514 320 plura
520 283 531 318 ;
553 277 592 309 ut
614 273 760 320 primum
782 275 907 321 eprelo
929 273 1080 319 exierint.
1128 273 1280 317 Nuntiat,
1304 285 1327 311 a
1342 274 1502 312 Ber-nardo
1513 275 1657 315 Balthero

197 343 305 369 novas
323 331 575 373 observationes,
599 332 766 369 astrorum
785 343 924 376 cursum
940 334 1120 380 attinentes
1135 333 1301 369 venditari
1306 344 1317 377 ;
1341 334 1468 371 habere
1482 346 1522 372 se
1539 347 1658 373 omnes

150 406 157 409 ·
196 391 340 426 Graecos
358 389 466 425 libros,
488 389 547 434 qui
570 389 604 425 in
627 390 721 428 Italia
745 390 837 435 typis
859 390 992 433 vulgati
1007 394 1095 427 sunt.
1142 390 1305 436 Judaeum
1328 391 1442 434 illum,
1475 394 1536 438 qui
1557 394 1655 431 Chri.

196 448 319 483 stianae
333 446 447 493 pietati
465 446 614 481 initiatus
629 451 709 491 erat,
733 446 829 491 cujus
846 457 947 491 opera
967 446 1002 481 in
1017 446 1126 482 Biblia
1137 447 1466 504 Hebraicassfiraeca,
1484 457 1520 487 et
1533 452 1656 489 Latina

193 504 293 541 Aldus
317 517 354 541 se
376 514 517 540 usurum
539 503 707 548 sperabat,
741 503 943 555 poenitentia
965 504 1108 539 ductum
1126 504 1312 550 aufugisse.

486 617 692 653 JOANNES
718 616 1012 651 THOLOPHUS,
1049 619 1311 646 Paazrosrrus.

398 680 445 714 Ut
466 679 541 724 lyra
563 678 729 715 Threiicio
753 681 918 716 concessit
943 683 1091 717 carmina
1114 683 1193 722 vati,

493 737 586 777 Quae
610 737 713 772 micat
740 735 866 773 Arctoo
889 737 1017 784 fulgida
1039 738 1137 774 stella
1158 736 1261 783 polq‘:

400 793 493 829 Haec
506 794 631 831 ,eadem
652 794 785 830 influxit
806 794 978 830 Roswithae
995 796 1115 836 verba,
1147 795 1342 842 chelynque.

431 855 434 857 ’
491 850 580 885 Nata
603 861 646 884 ex
668 850 840 886 Saxonicis
862 858 954 891 casta
975 858 1074 897 poeta
1089 844 1223 897 plagis(

284 919 334 954 De
353 915 650 966 ρῗιιαηηιε’ΊῖῑιοΙαρῘιο
663 920 804 964 egimus
825 920 881 956 lib.
897 921 922 956 Ι.
946 933 1017 967 cap.
1030 919 1129 957 XVI.
1151 926 1220 955 not.
1230 921 1260 964 fi
1296 921 1405 956 'Nunc
1419 922 1647 968 perspicimus,

190 974 331 1012 eundem
355 977 485 1013 socium
517 975 618 1011 fuisse
639 977 825 1012 sodalitatis
842 976 1015 1016 Rhenanam
1045 978 1326 1024 quemadmodum
1356 978 1458 1015 etiam
1482 979 1650 1015 Danuhiae.

190 1033 275 1070 Vide
296 1044 396 1080 supra
421 1044 492 1080 cap.
506 1033 550 1069 X.

567 1131 575 1133 ’
617 1125 1181 1153 HENRICUS.GRON1NG·RR.

392 1184 525 1225 hvide,
554 1184 683 1219 divinos
706 1195 773 1219 non
795 1194 907 1219 cessas
929 1188 1062 1231 carpere
1085 1191 1192 1226 vates,

486 1242 660 1287 Tanquam
683 1241 878 1282 mendaces,
911 1242 1173 1287 vaniloquosque
1194 1241 1319 1277 viros?
1386 1244 1392 1251 '

391 1298 513 1334 Nonne
539 1299 646 1338 vides,
677 1295 946 1344 quanmmfhaec
966 1299 1120 1335 monialis
1142 1300 1287 1335 oermine
1309 1299 1425 1344 possit,

484 1357 655 1392 Historias
676 1367 788 1392 sacras
808 1356 904 1402 virgo
924 1359 1049 1393 diserta
1072 1369 1207 1393 canens.

276 1427 362 1469 Quis
384 1426 481 1461 fuerit
502 1425 648 1461 Henricus
673 1425 849 1472 Groninger,
878 1425 1065 1471 Griminger,
1086 1437 1167 1462 suae
1191 1425 1405 1472 Norimbergae
1425 1437 1493 1471 cap.
1516 1436 1557 1461 12
1582 1438 1640 1462 ex-

187 1485 299 1530 posuit
323 1483 390 1519 Cel
396 1486 466 1525 tis,
490 1483 656 1519 disserens
679 1485 721 1520 de
744 1485 868 1519 scholis
886 1482 1187 1530 Norimbergmibm.
1236 1508 1258 1525 „
1266 1483 1423 1524 Accedit,
1448 1484 1572 1527 inquit,
1598 1486 1641 1519 ad

187 1542 401 1582 „italicarum
427 1542 561 1578 urbium
582 1553 727 1583 morem,
751 1547 786 1576 et
808 1540 1050 1577 imitationem:
1083 1552 1144 1588 pro
1170 1536 1325 1587 ingenuss
1349 1540 1478 1585 pueris,
1502 1545 1536 1574 et
1558 1541 1641 1576 ado-

186 1600 412 1640 „lescentibus
442 1605 587 1634 erectum
617 1599 817 1644 stipendium
846 1605 981 1635 centum
1002 1597 1205 1639 au‘reorum3
1242 1609 1308 1643 quo
1328 1599 1395 1633 'v'ir'
1412 1597 1447 1632 in
1474 1598 1642 1635 Romanis

186 1656 333 1697 „litteris
356 1655 507 1689 eruditus
536 1657 572 1689 in
593 1657 724 1699 poetica
756 1662 804 1704 et,
822 1657 986 1696 oratoria,
1029 1657 1064 1691 in
1094 1657 1221 1699 publica
1244 1656 1342 1689 domo
1365 1654 1458 1697 legit.
1515 1653 1574 1689 Ad
1605 1656 1641 1690 id

185 1712 414 1757 „stipendium
436 1710 560 1755 primus
583 1710 915 1744 a-Mmaco—Hmim
931 1709 1132 1754 Gzem'ngcms
1154 1717 1290 1745 vocatus
1298 1721 1315 1745 τ’
1345 1711 1397 1745 vir
1419 1711 1454 1745 in
1476 1711 1642 1747 Romanis

185 1770 334 1811 „litteris
367 1768 536 1813 exquisita
564 1766 735 1807 doctrina,
781 1766 862 1802 olim
886 1766 934 1800 in
968 1765 1067 1805 ltalia
1096 1768 1297 1803 institutus:
1338 1767 1408 1803 vita
1439 1774 1474 1802 et
1504 1779 1641 1805 morum

185 1827 385 1869 „honestate
408 1825 619 1872 conspicuus.
643 1831 677 1860 et
698 1824 856 1875 singulari
878 1823 1089 1869 humanitate
1111 1831 1151 1861 et
1162 1826 1324 1869 modestia
1346 1826 1522 1870 praeditus.
1552 1827 1640 1871 Ejus

185 1884 385 1927 „erectionis
409 1889 445 1918 et
465 1883 618 1929 stipendii
645 1887 761 1918 auctor
790 1882 876 1927 apud
896 1881 1061 1918 Senatum
1083 1883 1214 1928 genitor
1240 1883 1381 1928 hospitis
1403 1883 1470 1917 mei
1493 1880 1638 1930 ζ,ῗοαηηεε

187 1940 424 1984 ,,Ρι”νι·ὲ1κὶηιεν,
453 1941 626 1986 utriusque
643 1940 728 1986 juris
751 1939 915 1987 professor
935 1940 1032 1976 fuit.“
1079 1942 1166 1977 Sunt
1185 1941 1221 1976 in
1243 1940 1307 1975 hoc
1332 1937 1462 1974 Celtis
1484 1941 1645 1979 testimo-

187 2001 243 2036 nio
266 2000 445 2046 quaedam,
464 2009 564 2043 >quae
586 1999 752 2034 nonnullis
776 1998 910 2034 fuerunt
929 1997 1045 2033 fraudi.
1101 1995 1225 2034 Wuius
1246 1997 1285 2033 in
1308 1997 1433 2034 Lexim
1456 2001 1641 2042 contendit,

185 2065 344 2094 vocatum
368 2048 468 2094 ruisse
500 2053 714 2102 Groningmam
741 2068 782 2092 ex
803 2055 934 2092 Monam
973 2055 995 2092 i.
1015 2067 1045 2092 e.
1075 2067 1118 2091 ex
1141 2056 1363 2100 monachatu3
1402 2065 1644 2104 succensetque

187 2116 325 2152 blm
359 2116 446 2161 quod
474 2126 532 2161 per
558 2113 736 2160 Manatum,
758 2112 968 2155 Monachium,
1005 2114 1122 2150 urbem
1150 2113 1378 2157 Monacensem,
1415 2116 1616 2152 intellexerit
1628 2129 1640 2161 ς

1367 2173 1437 2210 12*
