1832 2463
199 153 245 190 wi
762 158 831 195 ciba.
858 158 900 184 ri.
934 158 1011 183 cim
1034 143 1097 184 x'v.

452 242 687 280 Maxmilianeas
709 239 888 287 Nymphae
910 242 999 276 nun‘c
1021 239 1123 275 dicite
1145 238 1285 275 laudes!

520 301 565 336 Et
588 305 724 335 resonet
746 305 861 334 nostro
884 297 1003 334 Blanca
1017 297 1127 333 Maria
1148 297 1268 333 choro!

450 358 572 394 Ducite
592 357 755 403 Jucundas
779 356 904 397 Fauni,
934 355 1112 401 Satyrique
1134 354 1293 391 choreas!

523 414 678 460 Indulget
699 414 794 450 festis
818 415 911 459 regia
933 419 1005 449 tota
1026 413 1121 459 iocis·

452 471 593 508 Dedicat
615 473 700 507 hanc
724 472 824 517 genio
846 472 970 507 Caesar
992 482 1072 506 cum
1094 471 1246 517 Conjuge
1268 473 1425 513 noctem

522 531 566 566 Et
589 541 657 566 nox
682 535 839 576 perpetuo
861 529 1007 565 carmine
1030 522 1132 575 digna
1156 529 1229 565 coli.

288 631 412 668 Actus
434 634 631 678 secundus.
679 634 829 680 Sylvamu
858 635 1011 670 comitatus
1033 633 1172 675 Baccho,
1199 632 1333 675 Faunis,
1358 638 1386 668 et
1408 631 1526 678 &tyris
1548 630 1658 677 Regem

195 690 370 736 alioquinin
402 694 552 730 carmine
572 694 786 735 hexametro,
812 693 907 738 cujus
930 698 983 729 est
1005 692 1158 728 initium:

335 773 410 809 Rex
439 771 569 817 (Dux)
599 775 653 811 cui
675 774 862 810 Maximium
894 777 1067 826 praestant
1096 774 1152 819 pia
1178 773 1302 819 sydera
1329 783 1465 810 nomen.

289 874 341 910 Ea
364 881 477 911 autem
500 876 628 912 ratione
652 881 848 914 contextum
862 882 916 913 est
936 887 1090 917 carmen,
1117 882 1156 911 ut
1179 876 1310 911 littera-e
1332 887 1495 912 versuum
1514 876 1656 912 initiate·

196 933 402 968 constituant
424 934 513 969 hunc
536 934 763 971 versiculum:
803 934 947 970 Ducimu
973 935 1082 969 invicto
1105 938 1199 968 meam
1221 932 1278 968 sub
1296 933 1434 979 Principe
1456 935 1556 969 vitam.
1603 934 1657 969 Ex

194 990 313 1025 litteris
342 996 458 1026 autem
486 990 637 1027 finalibus
670 992 820 1028 nascitur
842 1003 956 1027 versus
978 993 1063 1027 iste:
1093 990 1251 1026 Nestoreos
1272 992 1386 1025 utinam*
1412 993 1511 1037 vigeat
1528 990 1661 1036 feliciter

198 1045 313 1081 annos!
336 1048 567 1084 Exvooebulis
591 1059 748 1086 versuum
770 1050 966 1091 initialibus,
998 1049 1151 1085 versiculi
1173 1048 1359 1084 hexametri
1382 1060 1442 1084 sex
1466 1049 1561 1085 facile
1591 1049 1659 1084 for-

199 1098 284 1139 mari
307 1105 430 1150 pariter
453 1111 591 1149 queunt.
638 1109 801 1142 Mendum
819 1114 932 1143 tamen
956 1107 1089 1151 aliquod
1114 1107 1261 1152 irrepsit.
1286 1107 1375 1151 quod
1398 1107 1509 1142 lusum
1531 1108 1657 1150 turbat;

194 1162 224 1195 si
236 1161 369 1205 quidem
393 1171 454 1206 pro
467 1158 503 1196 τὲ
518 1161 598 1203 Rex,
616 1164 704 1199 unde
719 1164 875 1198 carminis
889 1163 1019 1198 initium
1033 1163 1163 1203 dicitur,
1187 1163 1252 1207 legi
1264 1164 1399 1197 debeat:
1423 1163 1510 1199 Dux.
1548 1164 1656 1199 Nemo

192 1224 304 1254 autem
327 1223 397 1259 est,
427 1219 487 1263 qui
514 1231 583 1255 non
612 1220 793 1267 intelligat,
830 1219 1013 1256 difficilibus
1045 1219 1079 1254 id
1109 1231 1213 1265 genus
1243 1219 1340 1264 nugis
1365 1220 1513 1256 versibus
1543 1221 1656 1259 inferri

193 1277 272 1316 vim,
296 1281 336 1312 ut
357 1276 463 1313 oratio
486 1277 601 1314 hiulca
625 1277 794 1320 efficiatur,
818 1278 1023 1325 minimeque
1045 1277 1140 1314 fluat.

285 1373 444 1410 Succedit
474 1374 598 1410 chorus
623 1373 737 1410 Bacchi
773 1381 808 1411 et
840 1375 1003 1412 comitum
1025 1385 1165 1411 suorum
1195 1374 1238 1410 ad
1260 1373 1406 1411 fistulam
1436 1379 1471 1412 et
1493 1374 1654 1413 citharam

193 1431 355 1472 carmina,
379 1442 464 1475 quae
482 1435 686 1475 sequuntur,
712 1437 854 1475 quatuor
869 1432 1003 1467 vocibus
1029 1432 1289 1473 modulantium,
1314 1432 1399 1468 inter
1419 1433 1627 1469 saltandum:

447 1511 638 1557 sylvanus,
670 1512 798 1558 Satyri,
834 1512 960 1552 Fauni,
992 1512 1169 1557 Syllenus,
1199 1512 1321 1557 Jachus

513 1568 667 1604 Lascivis
691 1570 826 1614 pedibus
851 1569 975 1605 chorea
998 1574 1113 1604 nostra
1135 1575 1271 1615 strepet.

444 1627 608 1662 Maximus
626 1624 792 1669 Aemilius,
823 1627 979 1673 Conjunx
1007 1633 1043 1662 et
1064 1626 1183 1663 Blanca
1206 1625 1333 1665 Maria,

514 1685 703 1722 Cantentur
727 1686 848 1720 nostris
872 1685 928 1720 hic
950 1690 986 1720 et
1007 1685 1128 1729 ubique
1151 1685 1285 1721 choris!

446 1742 560 1775 Vivite
585 1743 694 1782 [elices
719 1745 834 1782 ambo,
865 1743 944 1777 dum
967 1742 1038 1777 vita
1062 1747 1251 1786 superstes:

514 1796 560 1831 Et
583 1798 670 1832 locet
694 1799 847 1833 aethereo
870 1800 943 1836 Vos
966 1799 1060 1835 Deus
1083 1798 1159 1833 inde
1182 1797 1281 1843 polo!

276 1909 406 1946 *Actus
427 1916 460 1946 te
468 1911 577 1949 reiut.
624 1911 763 1949 Bacchas
781 1910 949 1963 Uyrsiger,
961 1914 1115 1949 comitam
1124 1906 1251 1959 Sylle'no,
1271 1911 1525 1955 afflamine,
1540 1913 1651 1959 Regem
1674 1922 1677 1926 ’

191 1965 346 2011 ιᾶυφιᾰων
367 1970 517 2006 versibus
532 1970 699 2016 iambicis.
746 1971 869 2007 Postea
892 1972 1082 2007 conticuere
1105 1982 1238 2013 omnes,
1271 1965 1463 2017 intentique
1478 1983 1538 2008 ora
1558 1977 1651 2007 tene-

190 2025 291 2061 hant:
319 2030 356 2060 et
385 2036 464 2061 mox
494 2029 651 2065 recitator
680 2028 877 2074 choriiambi
904 2027 1003 2076 hujus
1038 2028 1065 2075 ζ
1074 2029 1244 2067 Vincentius
1263 2029 1453 2076 Loagiw)
1482 2030 1525 2066 ad
1546 2028 1649 2074 pedes

190 2084 296 2130 Regis
315 2084 525 2130 provolutus,
555 2087 702 2129 lauream
722 2099 745 2125 a
765 2088 860 2134 Rege
880 2088 997 2136 petiit:
