1832 2463
216 148 399 193 possent.
451 137 544 178 Hoc
567 145 628 177 est
651 132 933 174 nobilissimum
959 131 1052 171 illud
1072 130 1313 182 Scipionum,
1343 131 1550 184 Catonum,
1573 133 1667 176 Tul-

218 218 383 265 liorum,
418 217 656 264 aliorumque
680 210 826 256 otium,
865 208 970 260 quod
990 217 1029 246 ut
1052 206 1298 246 dulcissimus
1320 219 1447 248 rerum
1471 220 1667 259 gestarum

218 290 366 345 fructus
393 305 411 330 a
437 286 749 342 praeclarissimis.
776 286 872 324 olim
899 270 992 322 (siris
1019 293 1226 335 tantopere
1248 267 1523 335 exoptabatur,
1564 288 1667 328 unde

217 377 278 407 tot
298 364 526 407 immortalia
547 362 692 412 ingenii
714 375 835 415 opera
855 358 1122 402 effloruerunt.
1163 359 1293 400 Vobis
1318 356 1467 408 autem,
1494 361 1667 402 Commi-

214 444 378 489 litones,
412 451 503 479 num
527 438 627 478 aliud
640 437 720 490 jam
746 449 904 492 tempus
925 440 1061 487 instat,
1095 449 1207 489 quam
1230 438 1302 477 hoc
1333 438 1459 491 ipsum
1482 437 1668 489 discendi,

213 518 414 561 studendi,
444 515 569 555 literis
592 516 846 556 incumbendi
868 517 1020 555 otium?
1068 515 1157 555 Non
1181 517 1285 555 enim
1313 515 1480 566 negotiis
1501 516 1668 566 publicis

213 592 408 646 impediti,
437 603 517 631 non
546 592 785 644 reipublicae
812 593 1006 643 gerendae
1031 593 1129 631 curis
1151 580 1337 640 distracti,
1377 604 1457 632 non
1487 592 1667 634 civilibus

214 667 334 708 turbis
360 667 589 715 conflictati,
626 669 699 707 sed
720 670 879 721 placidi⁷
912 669 983 708 sed
1012 667 1134 720 quieti
1165 668 1282 706 rebus
1314 668 1598 718 cognoscendis
1626 678 1669 711 et

213 744 367 783 literato
403 743 460 782 illi
503 743 607 792 otio,
656 756 734 796 quo
762 744 957 783 Cicerone
983 743 1032 791 *)
1066 751 1170 781 teste
1198 741 1294 780 nihil
1328 742 1496 791 dulcius,
1530 757 1667 787 vaca-re

213 819 395 870 potestis,
452 818 640 860 Fortasse
668 820 842 859 nondum
868 818 959 857 satis
987 818 1126 857 crebro
1151 816 1419 867 cogitavistis,·
1452 830 1591 872 quanta
1614 822 1667 862 sit

214 895 450 934 conditionis
483 877 641 935 vestrae
669 894 836 934 felicitas
867 905 954 932 cum
984 893 1282 943 negotiosorum
1310 894 1389 933 vita
1412 907 1665 947 comparatae.

215 969 295 1010 Sed
321 971 395 1022 ipsi
415 971 581 1018 videtis,
610 982 681 1023 per
703 981 822 1010 omne
840 970 914 1010 hoc
931 970 1146 1009 studiorum
1163 978 1321 1020 tempus
1334 970 1456 1010 otium
1473 984 1667 1025 nunquam
1693 963 1697 966 ¹

217 1058 293 1085 vos
321 1046 513 1095 deficere,
548 1036 606 1088 *et
637 1058 754 1098 quem
787 1045 952 1085 fructum
979 1054 1069 1097 post
1092 1045 1239 1084 multos
1269 1046 1486 1085 exantlatos
1512 1047 1667 1090 labores

214 1122 384 1172 primarii
411 1121 650 1172 antiquitatis.
671 1122 742 1159 viri
764 1122 948 1174 amplecti
970 1121 1164 1168 solerent,
1193 1122 1363 1161 eundem
1384 1118 1665 1173 sponte‘vobis

212 1205 253 1236 et
283 1197 316 1235 s‘
382 1197 480 1235 -ullo
514 1205 650 1236 vestro
681 1200 842 1248 negotio
869 1198 985 1238 nasci.
1040 1195 1218 1236 Gaudete
1247 1197 1362 1247 igitur
1385 1198 1443 1237 his
1473 1199 1669 1250 benignis·

196 1265 302 1314 *sim*
400 1282 536 1314 rtunae
561 1274 696 1323 donis,
727 1285 767 1315 et
782 1276 850 1316 hac
872 1274 1167 1329 opportunitate
1181 1285 1376 1331 nunquam
1390 1275 1551 1327 posthac
1568 1277 1667 1317 redi-

209 1358 292 1388 tura
310 1336 431 1388 recte
447 1350 632 1396 utamini3
677 1360 793 1400 atque
815 1353 921 1402 quod
940 1352 1045 1390 idem
1070 1351 1137 1389 ille
1165 1349 1337 1398 optimus
1359 1349 1431 1387 otii
1454 1359 1495 1389 et
1517 1352 1666 1402 negotii

211 1425 374 1472 arbiter,
404 1435 522 1475 quem
547 1425 668 1464 modo
691 1424 856 1472 adhibui,
885 1435 934 1464 ex
959 1423 1110 1465 Catone
1130 1422 1252 1472 affert,
1277 1424 1466 1464 clarorum
1490 1426 1664 1467 virorum

208 1514 289 1541 non
314 1502 445 1541 minus
469 1502 543 1541 otii
563 1513 677 1553 quam
696 1503 846 1552 negotii
869 1503 1061 1544 rationem
1083 1512 1263 1545 constare
1286 1512 1473 1555 oportere
1493 1503 1589 1552 **),
1625 1503 1666 1543 id

211 1578 329 1619 etiam
355 1577 471 1619 vobis
497 1589 588 1618 esse
611 1575 832 1620 faciendum
855 1579 1034 1631 cogitate.

313 1738 346 1771 ⁸)
373 1737 433 1766 Cic.
452 1737 572 1772 Quaest.
590 1738 679 1766 Tusc.
700 1739 742 1772 V,
770 1740 830 1770 105.

294 1798 341 1830 **)
368 1796 426 1826 Cic.
449 1797 504 1826 Pro
524 1797 574 1826 Cn.
595 1797 685 1827 Plane.
704 1807 729 1827 c.
748 1797 792 1828 66.
