1832 2463
193 186 236 220 90
742 185 814 212 ιιι.
841 185 885 211 u.
927 184 1008 211 cu.
1033 185 1112 211 xrv.

181 271 350 308 sodalitatis
365 270 498 308 Celticae,
519 278 540 301 a
552 271 653 302 senam
663 264 795 301 Romani
810 266 926 312 imperii
945 267 1117 312 impetratae
1139 264 1350 310 (impetrato)
1371 276 1400 303 et
1420 282 1477 305 uno
1495 271 1645 317 Quingffi.

184 331 284 365 tesimo
295 330 393 375 primo
410 336 501 371 supra
512 323 703 364 millesimam,
750 324 831 364 Quis
846 325 1075 370 typographus
1089 333 1174 369 opus
1189 323 1372 365 excuderit,
1392 337 1458 362 non
1472 329 1644 366 indicatur⁴
1689 352 1691 354 >

184 387 412 432 spoponderat
436 383 591 428 equidem
617 382 759 422 Celtis,
784 393 821 417 se
844 382 995 417 codicem
1017 393 1100 417 msc.
1122 381 1329 417 redditurum
1352 379 1428 417 esse
1449 384 1644 422 Ratisbonen-

184 442 262 479 sibus
283 433 502 478 Bmedictiniu
535 446 711 485 postquam
734 450 775 474 eo
799 450 881 474 usus
903 439 1019 481 fixerit,
1051 445 1086 474 et
1108 437 1259 474 Friderico
1281 438 1477 480 Rosenritter,
1507 444 1645 486 provido

183 502 265 541 viro,
290 506 325 535 et
340 500 407 535 civi
421 496 637 544 Norimbergae
658 497 929 544 praesentaverit.
977 498 1062 539 Quis
1085 497 1187 533 fuerit
1208 497 1263 533 ille
1276 496 1506 535 Rosmritterm
1529 490 1644 536 biblio-

184 557 288 603 pola‘?
320 555 584 602 typographus?
621 566 723 600 penes
746 552 1006 599 Norimbergmses
1032 554 1198 600 judicium
1220 554 1311 590 esto!

279 636 367 673 Infra
390 637 536 671 clavatae
557 635 660 671 citata
675 637 786 676 verba,
811 640 982 681 comparet
1003 635 1144 681 insigne,
1169 639 1421 681 repraesentans
1443 635 1543 671 colles
1566 642 1645 684 tres,

182 695 217 728 in
239 703 387 738 quorum
409 694 521 728 medio
546 692 671 726 eminet
695 693 857 727 vexillum
877 692 963 736 (eine
981 691 1205 736 Wcttersalme)
1222 693 1398 737 adscriptis
1420 692 1537 727 litteris
1555 693 1598 728 A.
1609 695 1645 730 P.

183 752 280 793 Quae
297 751 433 796 quidem
450 751 582 786 litterae
597 755 752 795 torquent
764 750 897 796 ingenia
913 749 1219 795 bibliographorum.
1256 748 1380 784 Putant
1397 751 1646 797 typographum

182 810 350 852 designari
382 808 439 842 alii
463 808 574 842 alium.
636 808 714 851 Pag.
733 813 813 851 328,
839 807 913 843 Vol.
929 807 986 842 IV.
1008 806 1140 841 Meusets
1156 806 1235 842 hist.
1251 806 1314 841 litt.
1332 806 1479 850 bibliogr.
1492 807 1646 853 Magazin

183 865 341 905 traditur,
366 864 517 900 denotari
542 861 815 909 Norimbergemem
837 863 1087 910 typographum
1110 862 1241 908 Peypum
1263 862 1444 906 quendam,
1476 863 1533 907 qui
1556 874 1648 909 prae·

187 935 311 959 nomen
332 923 485 968 gesserit,
511 921 607 967 cujus
630 921 767 957 initialis
789 922 902 957 littera
925 925 1017 968 esset
1038 919 1080 956 A.
1127 919 1270 957 Additur
1293 919 1410 957 eodem
1430 920 1515 962 loco,
1537 922 1649 959 existi-

185 990 300 1014 masse
331 977 505 1014 Saubertum
523 1004 532 1018 ‚
572 978 638 1012 illis
667 977 787 1013 litteris
819 977 961 1022 intelligi
990 976 1155 1012 Antonium
1179 977 1365 1012 Parmensem
1394 979 1648 1023 typographum,

186 1036 308 1072 Zarotti
337 1036 482 1079 dictu1n3
521 1036 578 1081 qui
608 1046 730 1071 nomen
765 1034 966 1081 gentilitium
1002 1034 1170 1071 interdum
1197 1035 1318 1071 addere
1350 1035 1564 1081 supersedent
1571 1047 1581 1080 ;
1614 1037 1650 1073 in

186 1095 398 1138 eundemque
423 1104 567 1128 errorem
590 1093 763 1128 inductum
787 1092 824 1127 P.
843 1091 938 1138 Affiv,
969 1092 1046 1127 hist.
1067 1100 1202 1138 typogr.
1216 1094 1326 1128 Parm.
1349 1099 1530 1128 auctorem.
1577 1095 1649 1130 Nec

181 1152 301 1186 desunt
316 1151 521 1194 interpretes,
538 1149 594 1194 qui
611 1150 735 1189 volunt,
762 1149 826 1183 illis
842 1149 962 1183 litteris
976 1148 1401 1194 significariAugmtinianos
1408 1149 1646 1189 Praesedicatorm

184 1220 225 1242 eo
264 1208 353 1252 quod
382 1205 597 1251 Norimbergae
638 1218 700 1241 suo
738 1206 772 1241 in
803 1206 947 1241 claustro
985 1206 1259 1251 typographicam
1292 1213 1400 1242 artem
1436 1209 1651 1244 tractaverint

186 1263 427 1308 Augustiaeuszses.
472 1263 520 1298 At
533 1263 763 1302 meminerint,
788 1263 845 1307 qui
867 1263 913 1297 ita
928 1262 1085 1303 sentiunt,
1112 1261 1359 1307 Augurtr'nianos,
1380 1268 1416 1298 et
1430 1263 1652 1300 praedicatores

185 1321 335 1358 diversos
366 1332 440 1357 esse
471 1320 624 1364 ordines3
662 1319 825 1366 quidquid
852 1319 897 1356 sit
926 1319 969 1356 de
998 1326 1072 1357 arte
1100 1320 1355 1368 typographica,
1391 1331 1493 1368 quam
1520 1333 1583 1359 suo
1599 1323 1651 1360 ‘in

184 1380 335 1414 coenobio
360 1378 591 1424 Augus-titienses
614 1378 754 1423 professi
775 1389 851 1413 esse
873 1377 1041 1414 dicuntur.

276 1459 418 1496 Relictis
443 1458 597 1496 inanibus
628 1459 684 1494 his
706 1458 925 1505 conjecturis.
958 1458 992 1494 id
1015 1458 1104 1504 quod
1128 1468 1210 1494 vero
1228 1463 1286 1494 est
1308 1458 1537 1501 simillimum,
1567 1461 1646 1497 sub-

179 1518 375 1563 jungimus,
405 1518 556 1552 denotari
585 1517 738 1552 videlicet
770 1518 890 1552 litteris
912 1517 976 1552 illis
999 1516 1032 1551 A
1049 1517 1076 1551 P
1106 1515 1277 1560 Augustam
1299 1516 1500 1557 Praetorium,
1530 1518 1565 1552 id
1588 1525 1649 1558 est,

184 1573 432 1620 Nmimbergam,
464 1575 537 1610 sive
560 1566 692 1615 locum,
729 1574 789 1610 ubi
818 1575 902 1610 haec
932 1572 1105 1610 Roswithae
1131 1584 1249 1619 opera,
1285 1569 1373 1609 edita
1394 1574 1503 1620 typis,
1541 1574 1651 1610 lucem

184 1632 351 1669 viderunt.
401 1633 619 1677 compertum
647 1641 792 1675 namque
813 1623 883 1671 est,
912 1641 935 1665 a
961 1630 1087 1671 cette,
1118 1632 1200 1665 dum
1220 1630 1435 1678 Norimbergae
1457 1631 1536 1667 fecit
1557 1643 1652 1667 men-

184 1691 325 1730 tionem,
347 1689 462 1725 addita
484 1689 569 1724 haec
591 1689 739 1733 epitheta
762 1688 882 1723 fuisse:
913 1686 1055 1733 Augusta
1070 1687 1245 1727 Praetorias
1274 1690 1366 1725 velut
1387 1696 1524 1736 apparet
1541 1702 1582 1725 ex
1600 1689 1652 1724 Δε-

188 1748 342 1791 scriptione
353 1745 587 1792 Norimbergae,
622 1757 666 1781 ex
682 1745 888 1791 panegyrim
911 1746 954 1781 ad
968 1744 1235 1788 Maximinum,
1265 1747 1357 1782 libris
1370 1746 1535 1784 Amorum
1554 1757 1650 1794 prae·

186 1805 271 1842 fixo.
295 1816 338 1840 ex
354 1804 495 1849 epistola
515 1805 756 1847 nuncupatoria
780 1805 822 1840 ad
837 1802 1019 1839 Fn‘dericum
1039 1803 1204 1839 Saxoniae
1214 1804 1406 1847 electorem,
1431 1816 1535 1852 quam
1558 1817 1652 1852 prae-

185 1862 279 1897 misit
302 1862 356 1897 his
379 1861 461 1906 ipsis
485 1857 657 1895 Romitlzac
681 1861 836 1907 operibus
847 1873 858 1906 ;
889 1862 926 1898 in
950 1872 1089 1907 quorum
1113 1861 1178 1897 fine
1201 1862 1341 1907 legitur:
1368 1862 1448 1900 Vale
1469 1876 1511 1899 ex
1527 1863 1652 1899 Norint·

185 1916 277 1965 herga
298 1916 441 1966 Augusta
454 1917 621 1955 Praetoria.

280 2000 372 2036 Idem
390 2002 525 2046 insigne
551 2001 740 2045 praeferunt
764 2010 897 2046 quoque
920 1999 992 2036 libri
1008 1999 1163 2041 Amorum,
1185 2002 1269 2046 ques
1289 2000 1417 2037 Celtis
1436 2000 1651 2047 Norimbaegae

186 2068 276 2093 anno
287 2065 447 2105 sequente
463 2058 630 2105 vulgavit;
654 2059 720 2094 hoc
739 2059 945 2095 discrimine:
968 2059 1058 2105 quod
1081 2059 1171 2095 istud
1195 2060 1293 2106 paulo
1315 2059 1361 2096 sit
1378 2059 1503 2106 majus;
1527 2064 1651 2096 totum-

188 2126 253 2160 que
275 2116 348 2153 fere
367 2117 520 2163 nigrum,
552 2118 672 2155 litteris
693 2118 795 2161 albis,
826 2119 950 2156 vexillo
973 2120 1150 2156 dexteram
1174 2118 1381 2167 respiciente.
1431 2117 1471 2154 In
1493 2118 1649 2165 operibus
