<?xml version="1.0" encoding="UTF-8"?>
<!DOCTYPE html PUBLIC "-//W3C//DTD XHTML 1.0 Transitional//EN"
    "http://www.w3.org/TR/xhtml1/DTD/xhtml1-transitional.dtd">
<html xmlns="http://www.w3.org/1999/xhtml" xml:lang="en" lang="en">
 <head>
  <title>
</title>
<meta http-equiv="Content-Type" content="text/html;charset=utf-8" />
  <meta name='ocr-system' content='tesseract 3.04.00' />
  <meta name='ocr-capabilities' content='ocr_page ocr_carea ocr_par ocr_line ocrx_word'/>
</head>
<body>
  <div class='ocr_page' id='page_1' title='image "./4627538_0033.png"; bbox 0 0 1832 2463; ppageno 0'>
   <div class='ocr_carea' id='block_1_1' title="bbox 718 156 1626 192">
    <p class='ocr_par' dir='ltr' id='par_1_1' title="bbox 718 156 1626 192">
     <span class='ocr_line' id='line_1_1' title="bbox 718 156 1626 192; baseline 0.002 -4"><span class='ocrx_word' id='word_1_1' title='bbox 718 161 838 188; x_wconf 65' lang='lat' dir='ltr'><strong>om-:RA</strong></span> <span class='ocrx_word' id='word_1_2' title='bbox 862 160 1098 188; x_wconf 73' lang='lat' dir='ltr'>ROSWITHAE.</span> <span class='ocrx_word' id='word_1_3' title='bbox 1583 156 1626 192; x_wconf 87' lang='grc'><strong>87</strong></span> 
     </span>
    </p>
   </div>
   <div class='ocr_carea' id='block_1_2' title="bbox 615 253 1239 285">
    <p class='ocr_par' dir='ltr' id='par_1_2' title="bbox 615 253 1239 285">
     <span class='ocr_line' id='line_1_2' title="bbox 615 253 1239 285; baseline 0.003 -7"><span class='ocrx_word' id='word_1_4' title='bbox 615 253 930 279; x_wconf 70' lang='grc' dir='ltr'><strong>ΕΕΒΔΞΤΙΑΝΠΒ</strong></span> <span class='ocrx_word' id='word_1_5' title='bbox 961 254 1175 280; x_wconf 74' lang='lat' dir='ltr'>SPRENTZ.</span> <span class='ocrx_word' id='word_1_6' title='bbox 1234 283 1239 285; x_wconf 15' lang='grc' dir='ltr'>μ</span> 
     </span>
    </p>
   </div>
   <div class='ocr_carea' id='block_1_3' title="bbox 398 313 1334 533">
    <p class='ocr_par' dir='ltr' id='par_1_3' title="bbox 398 313 1253 417">
     <span class='ocr_line' id='line_1_3' title="bbox 398 313 1253 361; baseline -0.002 -9"><span class='ocrx_word' id='word_1_7' title='bbox 398 313 529 352; x_wconf 81' lang='lat' dir='ltr'><strong>claruit</strong></span> <span class='ocrx_word' id='word_1_8' title='bbox 550 318 587 351; x_wconf 87' lang='lat' dir='ltr'><strong>ut</strong></span> <span class='ocrx_word' id='word_1_9' title='bbox 608 313 774 360; x_wconf 86' lang='lat' dir='ltr'><strong>quondam</strong></span> <span class='ocrx_word' id='word_1_10' title='bbox 795 315 940 360; x_wconf 83' lang='lat' dir='ltr'><strong>septenis</strong></span> <span class='ocrx_word' id='word_1_11' title='bbox 962 316 1100 351; x_wconf 84' lang='lat' dir='ltr'>Graecia</span> <span class='ocrx_word' id='word_1_12' title='bbox 1122 315 1253 361; x_wconf 86' lang='lat' dir='ltr'><strong>sophis:</strong></span> 
     </span>
     <span class='ocr_line' id='line_1_4' title="bbox 465 372 1172 417; baseline 0 -9"><span class='ocrx_word' id='word_1_13' title='bbox 465 373 594 408; x_wconf 84' lang='lat' dir='ltr'><strong>Extulit</strong></span> <span class='ocrx_word' id='word_1_14' title='bbox 616 377 653 408; x_wconf 87' lang='lat' dir='ltr'><strong>ut</strong></span> <span class='ocrx_word' id='word_1_15' title='bbox 678 377 774 408; x_wconf 82' lang='lat' dir='ltr'><strong>vates</strong></span> <span class='ocrx_word' id='word_1_16' title='bbox 797 372 923 417; x_wconf 84' lang='lat' dir='ltr'><strong>inclyta</strong></span> <span class='ocrx_word' id='word_1_17' title='bbox 944 373 1054 408; x_wconf 90' lang='lat' dir='ltr'><strong>Roma</strong></span> <span class='ocrx_word' id='word_1_18' title='bbox 1076 384 1172 409; x_wconf 87' lang='lat' dir='ltr'><strong>suos:</strong></span> 
     </span>
    </p>

    <p class='ocr_par' dir='ltr' id='par_1_4' title="bbox 401 429 1334 533">
     <span class='ocr_line' id='line_1_5' title="bbox 401 429 1334 481; baseline -0.001 -15"><span class='ocrx_word' id='word_1_19' title='bbox 401 429 458 466; x_wconf 86' lang='lat' dir='ltr'><strong>sic</strong></span> <span class='ocrx_word' id='word_1_20' title='bbox 471 431 586 466; x_wconf 88' lang='lat' dir='ltr'><strong>-decus</strong></span> <span class='ocrx_word' id='word_1_21' title='bbox 611 435 645 465; x_wconf 86' lang='lat' dir='ltr'><strong>et</strong></span> <span class='ocrx_word' id='word_1_22' title='bbox 666 429 791 474; x_wconf 81' lang='lat' dir='ltr'><strong>patriae</strong></span> <span class='ocrx_word' id='word_1_23' title='bbox 813 430 967 475; x_wconf 85' lang='lat' dir='ltr'><strong>splendos</strong></span> <span class='ocrx_word' id='word_1_24' title='bbox 982 431 1171 481; x_wconf 40' lang='lat' dir='ltr'><strong>⁸celebratur</strong></span> <span class='ocrx_word' id='word_1_25' title='bbox 1193 430 1228 466; x_wconf 88' lang='lat' dir='ltr'><strong>in</strong></span> <span class='ocrx_word' id='word_1_26' title='bbox 1250 430 1334 470; x_wconf 84' lang='lat' dir='ltr'><strong>oris,</strong></span> 
     </span>
     <span class='ocr_line' id='line_1_6' title="bbox 467 485 1171 533; baseline 0.001 -10"><span class='ocrx_word' id='word_1_27' title='bbox 467 485 623 523; x_wconf 79' lang='lat' dir='ltr'><strong>Roswitba</strong></span> <span class='ocrx_word' id='word_1_28' title='bbox 645 486 822 522; x_wconf 88' lang='lat' dir='ltr'><strong>Germanis</strong></span> <span class='ocrx_word' id='word_1_29' title='bbox 845 487 949 532; x_wconf 88' lang='lat' dir='ltr'><strong>digna</strong></span> <span class='ocrx_word' id='word_1_30' title='bbox 968 489 1076 533; x_wconf 88' lang='lat' dir='ltr'><strong>puella</strong></span> <span class='ocrx_word' id='word_1_31' title='bbox 1095 489 1171 533; x_wconf 88' lang='lat' dir='ltr'><strong>legi.</strong></span> 
     </span>
    </p>
   </div>
   <div class='ocr_carea' id='block_1_4' title="bbox 168 565 1668 1063">
    <p class='ocr_par' dir='ltr' id='par_1_5' title="bbox 168 565 1668 1063">
     <span class='ocr_line' id='line_1_7' title="bbox 262 565 1624 615; baseline -0.001 -10"><span class='ocrx_word' id='word_1_32' title='bbox 262 567 450 611; x_wconf 65' lang='lat' dir='ltr'><em>Sebastianus</em></span> <span class='ocrx_word' id='word_1_33' title='bbox 470 566 610 613; x_wconf 78' lang='lat' dir='ltr'><strong>Sprmtz‚</strong></span> <span class='ocrx_word' id='word_1_34' title='bbox 635 572 694 604; x_wconf 86' lang='lat' dir='ltr'><strong>aut</strong></span> <span class='ocrx_word' id='word_1_35' title='bbox 716 566 898 614; x_wconf 69' lang='lat' dir='ltr'><strong>Spei-antius,</strong></span> <span class='ocrx_word' id='word_1_36' title='bbox 920 565 961 604; x_wconf 78' lang='lat' dir='ltr'><strong>ut</strong></span> <span class='ocrx_word' id='word_1_37' title='bbox 982 569 1048 605; x_wconf 89' lang='lat' dir='ltr'><strong>dici</strong></span> <span class='ocrx_word' id='word_1_38' title='bbox 1073 569 1208 609; x_wconf 85' lang='lat' dir='ltr'><strong>maluit,</strong></span> <span class='ocrx_word' id='word_1_39' title='bbox 1230 569 1338 614; x_wconf 84' lang='lat' dir='ltr'><strong>patria</strong></span> <span class='ocrx_word' id='word_1_40' title='bbox 1357 568 1624 615; x_wconf 78' lang='lat' dir='ltr'><strong>Dinkclspielensis,</strong></span> 
     </span>
     <span class='ocr_line' id='line_1_8' title="bbox 168 626 1626 672; baseline 0 -9"><span class='ocrx_word' id='word_1_41' title='bbox 168 627 311 663; x_wconf 77' lang='lat' dir='ltr'><strong>excultis</strong></span> <span class='ocrx_word' id='word_1_42' title='bbox 334 626 453 662; x_wconf 84' lang='lat' dir='ltr'><strong>studiis</strong></span> <span class='ocrx_word' id='word_1_43' title='bbox 473 626 730 667; x_wconf 80' lang='lat' dir='ltr'><strong>mathematicis,</strong></span> <span class='ocrx_word' id='word_1_44' title='bbox 755 632 790 662; x_wconf 91' lang='lat' dir='ltr'><strong>et</strong></span> <span class='ocrx_word' id='word_1_45' title='bbox 806 626 1013 672; x_wconf 84' lang='lat' dir='ltr'><strong>theologicis,</strong></span> <span class='ocrx_word' id='word_1_46' title='bbox 1036 627 1242 671; x_wconf 86' lang='lat' dir='ltr'><strong>aliarumque</strong></span> <span class='ocrx_word' id='word_1_47' title='bbox 1258 627 1470 663; x_wconf 85' lang='lat' dir='ltr'><strong>scientiarum</strong></span> <span class='ocrx_word' id='word_1_48' title='bbox 1491 627 1626 663; x_wconf 85' lang='lat' dir='ltr'><strong>dotibus</strong></span> 
     </span>
     <span class='ocr_line' id='line_1_9' title="bbox 168 681 1625 729; baseline -0.001 -10"><span class='ocrx_word' id='word_1_49' title='bbox 168 681 322 729; x_wconf 32' lang='lat' dir='ltr'><strong>insignis*</strong></span> <span class='ocrx_word' id='word_1_50' title='bbox 335 694 356 718; x_wconf 91' lang='lat' dir='ltr'><strong>a</strong></span> <span class='ocrx_word' id='word_1_51' title='bbox 369 683 585 721; x_wconf 77' lang='lat' dir='ltr'><strong>Maximiliano</strong></span> <span class='ocrx_word' id='word_1_52' title='bbox 599 684 627 720; x_wconf 94' lang='lat' dir='ltr'><strong>I.</strong></span> <span class='ocrx_word' id='word_1_53' title='bbox 652 685 730 729; x_wconf 90' lang='lat' dir='ltr'><strong>imp.</strong></span> <span class='ocrx_word' id='word_1_54' title='bbox 754 684 901 720; x_wconf 86' lang='lat' dir='ltr'><strong>delectus</strong></span> <span class='ocrx_word' id='word_1_55' title='bbox 921 684 957 719; x_wconf 89' lang='lat' dir='ltr'><strong>in</strong></span> <span class='ocrx_word' id='word_1_56' title='bbox 972 683 1174 719; x_wconf 81' lang='lat' dir='ltr'><strong>Secretarium.</strong></span> <span class='ocrx_word' id='word_1_57' title='bbox 1205 685 1417 729; x_wconf 89' lang='lat' dir='ltr'><strong>Praepositus</strong></span> <span class='ocrx_word' id='word_1_58' title='bbox 1424 685 1625 725; x_wconf 81' lang='lat' dir='ltr'><strong>Brixinensis,</strong></span> 
     </span>
     <span class='ocr_line' id='line_1_10' title="bbox 169 733 1647 789; baseline 0.001 -12"><span class='ocrx_word' id='word_1_59' title='bbox 169 733 304 777; x_wconf 85' lang='lat' dir='ltr'><strong>demum</strong></span> <span class='ocrx_word' id='word_1_60' title='bbox 326 740 474 787; x_wconf 68' lang='lat' dir='ltr'><strong>ejusdem</strong></span> <span class='ocrx_word' id='word_1_61' title='bbox 489 741 649 778; x_wconf 88' lang='lat' dir='ltr'><strong>ecclesiae</strong></span> <span class='ocrx_word' id='word_1_62' title='bbox 672 742 853 788; x_wconf 71' lang='lat' dir='ltr'><strong>episcopus</strong></span> <span class='ocrx_word' id='word_1_63' title='bbox 907 742 945 777; x_wconf 92' lang='lat' dir='ltr'><strong>In</strong></span> <span class='ocrx_word' id='word_1_64' title='bbox 963 739 1210 778; x_wconf 85' lang='lat' dir='ltr'><strong>mathematicis</strong></span> <span class='ocrx_word' id='word_1_65' title='bbox 1233 753 1317 777; x_wconf 92' lang='lat' dir='ltr'><strong>usus</strong></span> <span class='ocrx_word' id='word_1_66' title='bbox 1335 749 1388 778; x_wconf 90' lang='lat' dir='ltr'><strong>est</strong></span> <span class='ocrx_word' id='word_1_67' title='bbox 1411 749 1626 789; x_wconf 83' lang='lat' dir='ltr'><strong>praeceptore</strong></span> <span class='ocrx_word' id='word_1_68' title='bbox 1645 744 1647 746; x_wconf 73' lang='grc'><strong><em>’</em></strong></span> 
     </span>
     <span class='ocr_line' id='line_1_11' title="bbox 169 797 1626 847; baseline 0.001 -12"><span class='ocrx_word' id='word_1_69' title='bbox 169 797 317 838; x_wconf 67' lang='grc' dir='ltr'><em>ὁῖἰῦονὶω</em></span> <span class='ocrx_word' id='word_1_70' title='bbox 340 799 376 834; x_wconf 85' lang='lat' dir='ltr'><strong>in</strong></span> <span class='ocrx_word' id='word_1_71' title='bbox 390 799 573 835; x_wconf 86' lang='lat' dir='ltr'><strong>litteratura</strong></span> <span class='ocrx_word' id='word_1_72' title='bbox 588 801 750 836; x_wconf 88' lang='lat' dir='ltr'><strong>Hebraica</strong></span> <span class='ocrx_word' id='word_1_73' title='bbox 765 797 892 847; x_wconf 60' lang='grc' dir='ltr'><strong>ζ,ῗοιῡιηηε</strong></span> <span class='ocrx_word' id='word_1_74' title='bbox 900 799 1165 839; x_wconf 78' lang='lat' dir='ltr'><strong>Boeschensteinio;</strong></span> <span class='ocrx_word' id='word_1_75' title='bbox 1188 806 1229 835; x_wconf 89' lang='lat' dir='ltr'><strong>ut</strong></span> <span class='ocrx_word' id='word_1_76' title='bbox 1252 806 1341 845; x_wconf 87' lang='lat' dir='ltr'><strong>patet</strong></span> <span class='ocrx_word' id='word_1_77' title='bbox 1363 812 1406 835; x_wconf 86' lang='lat' dir='ltr'><strong>ex</strong></span> <span class='ocrx_word' id='word_1_78' title='bbox 1421 800 1626 845; x_wconf 87' lang='lat' dir='ltr'><strong>praefatione</strong></span> 
     </span>
     <span class='ocr_line' id='line_1_12' title="bbox 170 855 1627 902; baseline 0.001 -11"><span class='ocrx_word' id='word_1_79' title='bbox 170 856 243 901; x_wconf 86' lang='lat' dir='ltr'><strong>ejus</strong></span> <span class='ocrx_word' id='word_1_80' title='bbox 272 857 314 891; x_wconf 89' lang='lat' dir='ltr'><strong>ad</strong></span> <span class='ocrx_word' id='word_1_81' title='bbox 342 867 441 891; x_wconf 89' lang='lat' dir='ltr'><strong>suum</strong></span> <span class='ocrx_word' id='word_1_82' title='bbox 463 855 654 891; x_wconf 81' lang='lat' dir='ltr'><strong>Elementale.</strong></span> <span class='ocrx_word' id='word_1_83' title='bbox 714 856 873 892; x_wconf 88' lang='lat' dir='ltr'><strong>Censoris</strong></span> <span class='ocrx_word' id='word_1_84' title='bbox 905 867 1043 893; x_wconf 90' lang='lat' dir='ltr'><strong>munere</strong></span> <span class='ocrx_word' id='word_1_85' title='bbox 1071 857 1206 894; x_wconf 84' lang='lat' dir='ltr'><strong>functus</strong></span> <span class='ocrx_word' id='word_1_86' title='bbox 1236 857 1271 891; x_wconf 88' lang='lat' dir='ltr'><strong>in</strong></span> <span class='ocrx_word' id='word_1_87' title='bbox 1298 855 1472 902; x_wconf 78' lang='lat' dir='ltr'><strong>Rhapsodia</strong></span> <span class='ocrx_word' id='word_1_88' title='bbox 1502 856 1627 892; x_wconf 80' lang='lat' dir='ltr'><strong>Celtis</strong></span> 
     </span>
     <span class='ocr_line' id='line_1_13' title="bbox 169 913 1668 959; baseline 0.002 -11"><span class='ocrx_word' id='word_1_89' title='bbox 169 913 387 958; x_wconf 82' lang='lat' dir='ltr'><strong>approbanda,</strong></span> <span class='ocrx_word' id='word_1_90' title='bbox 434 913 568 948; x_wconf 87' lang='lat' dir='ltr'><strong>Praeter</strong></span> <span class='ocrx_word' id='word_1_91' title='bbox 593 913 755 957; x_wconf 87' lang='lat' dir='ltr'><strong>quaedam</strong></span> <span class='ocrx_word' id='word_1_92' title='bbox 775 913 1033 958; x_wconf 76' lang='lat' dir='ltr'><strong>epigramata,</strong></span> <span class='ocrx_word' id='word_1_93' title='bbox 1057 914 1175 959; x_wconf 89' lang='lat' dir='ltr'><strong>quibus</strong></span> <span class='ocrx_word' id='word_1_94' title='bbox 1196 914 1299 950; x_wconf 87' lang='lat' dir='ltr'><strong>libros</strong></span> <span class='ocrx_word' id='word_1_95' title='bbox 1321 915 1460 950; x_wconf 88' lang='lat' dir='ltr'><strong>aliorum</strong></span> <span class='ocrx_word' id='word_1_96' title='bbox 1483 915 1625 956; x_wconf 86' lang='lat' dir='ltr'><strong>ornavit,</strong></span> <span class='ocrx_word' id='word_1_97' title='bbox 1664 930 1668 933; x_wconf 87' lang='lat'>·</span> 
     </span>
     <span class='ocr_line' id='line_1_14' title="bbox 171 969 1632 1015; baseline 0.002 -11"><span class='ocrx_word' id='word_1_98' title='bbox 171 970 257 1004; x_wconf 90' lang='lat' dir='ltr'><strong>nihil</strong></span> <span class='ocrx_word' id='word_1_99' title='bbox 278 969 394 1014; x_wconf 77' lang='lat' dir='ltr'><strong>repefi,</strong></span> <span class='ocrx_word' id='word_1_100' title='bbox 418 969 507 1013; x_wconf 87' lang='lat' dir='ltr'><strong>quod</strong></span> <span class='ocrx_word' id='word_1_101' title='bbox 529 969 620 1014; x_wconf 90' lang='lat' dir='ltr'><strong>typis</strong></span> <span class='ocrx_word' id='word_1_102' title='bbox 643 969 839 1015; x_wconf 87' lang='lat' dir='ltr'><strong>vulgaverit.</strong></span> <span class='ocrx_word' id='word_1_103' title='bbox 867 970 970 1006; x_wconf 87' lang='lat' dir='ltr'><strong>Plura</strong></span> <span class='ocrx_word' id='word_1_104' title='bbox 992 971 1133 1006; x_wconf 84' lang='lat' dir='ltr'><strong>fortasse</strong></span> <span class='ocrx_word' id='word_1_105' title='bbox 1154 971 1197 1006; x_wconf 90' lang='lat' dir='ltr'><strong>de</strong></span> <span class='ocrx_word' id='word_1_106' title='bbox 1207 982 1248 1006; x_wconf 91' lang='lat' dir='ltr'><strong>eo</strong></span> <span class='ocrx_word' id='word_1_107' title='bbox 1272 976 1444 1007; x_wconf 83' lang='lat' dir='ltr'><strong>occurrent</strong></span> <span class='ocrx_word' id='word_1_108' title='bbox 1467 972 1502 1008; x_wconf 88' lang='lat' dir='ltr'><strong>in</strong></span> <span class='ocrx_word' id='word_1_109' title='bbox 1515 971 1632 1007; x_wconf 87' lang='lat' dir='ltr'><strong>Anna-</strong></span> 
     </span>
     <span class='ocr_line' id='line_1_15' title="bbox 171 1023 1347 1063; baseline 0.003 -3"><span class='ocrx_word' id='word_1_110' title='bbox 171 1026 255 1062; x_wconf 91' lang='lat' dir='ltr'><strong>libus</strong></span> <span class='ocrx_word' id='word_1_111' title='bbox 277 1025 436 1061; x_wconf 78' lang='lat' dir='ltr'><strong>ecclesiae</strong></span> <span class='ocrx_word' id='word_1_112' title='bbox 459 1023 660 1063; x_wconf 77' lang='lat' dir='ltr'><strong>Brixinmsis.</strong></span> <span class='ocrx_word' id='word_1_113' title='bbox 1345 1040 1347 1043; x_wconf 71' lang='grc'>’</span> 
     </span>
    </p>
   </div>
   <div class='ocr_carea' id='block_1_5' title="bbox 169 1134 1629 1581">
    <p class='ocr_par' dir='ltr' id='par_1_6' title="bbox 169 1134 1629 1581">
     <span class='ocr_line' id='line_1_16' title="bbox 263 1134 1629 1180; baseline 0 -10"><span class='ocrx_word' id='word_1_114' title='bbox 263 1134 332 1170; x_wconf 91' lang='lat'>111.</span> <span class='ocrx_word' id='word_1_115' title='bbox 378 1136 531 1171; x_wconf 88' lang='lat' dir='ltr'><strong>Sodalitii</strong></span> <span class='ocrx_word' id='word_1_116' title='bbox 554 1137 702 1170; x_wconf 88' lang='lat' dir='ltr'><strong>litterarii</strong></span> <span class='ocrx_word' id='word_1_117' title='bbox 724 1136 984 1179; x_wconf 86' lang='lat' dir='ltr'><strong>epigrammatis,</strong></span> <span class='ocrx_word' id='word_1_118' title='bbox 1008 1137 1254 1180; x_wconf 86' lang='lat' dir='ltr'><strong>subjunguntur</strong></span> <span class='ocrx_word' id='word_1_119' title='bbox 1275 1135 1446 1171; x_wconf 73' lang='lat' dir='ltr'><strong>Ros-wilbac</strong></span> <span class='ocrx_word' id='word_1_120' title='bbox 1466 1135 1629 1170; x_wconf 70' lang='lat' dir='ltr'><strong>comaediae</strong></span> 
     </span>
     <span class='ocr_line' id='line_1_17' title="bbox 169 1191 1626 1237; baseline -0.001 -10"><span class='ocrx_word' id='word_1_121' title='bbox 169 1205 232 1232; x_wconf 82' lang='lat' dir='ltr'><strong>sex,</strong></span> <span class='ocrx_word' id='word_1_122' title='bbox 256 1194 288 1226; x_wconf 85' lang='lat' dir='ltr'><strong>in</strong></span> <span class='ocrx_word' id='word_1_123' title='bbox 307 1194 522 1226; x_wconf 73' lang='lat' dir='ltr'><strong>aemulationem</strong></span> <span class='ocrx_word' id='word_1_124' title='bbox 552 1191 693 1231; x_wconf 79' lang='lat' dir='ltr'><strong>Terentii,</strong></span> <span class='ocrx_word' id='word_1_125' title='bbox 717 1192 810 1226; x_wconf 90' lang='lat' dir='ltr'><strong>hunc</strong></span> <span class='ocrx_word' id='word_1_126' title='bbox 832 1192 867 1226; x_wconf 93' lang='lat' dir='ltr'><strong>in</strong></span> <span class='ocrx_word' id='word_1_127' title='bbox 890 1193 1025 1227; x_wconf 91' lang='lat' dir='ltr'><strong>modum</strong></span> <span class='ocrx_word' id='word_1_128' title='bbox 1049 1193 1244 1237; x_wconf 67' lang='lat' dir='ltr'><strong>inscripmex</strong></span> <span class='ocrx_word' id='word_1_129' title='bbox 1295 1192 1332 1237; x_wconf 92' lang='lat'><strong>1)</strong></span> <span class='ocrx_word' id='word_1_130' title='bbox 1359 1191 1548 1233; x_wconf 82' lang='lat' dir='ltr'><strong>Gallicanus,</strong></span> <span class='ocrx_word' id='word_1_131' title='bbox 1586 1191 1626 1233; x_wconf 92' lang='lat'><strong>2)</strong></span> 
     </span>
     <span class='ocr_line' id='line_1_18' title="bbox 171 1247 1625 1295; baseline -0.001 -9"><span class='ocrx_word' id='word_1_132' title='bbox 171 1250 337 1289; x_wconf 81' lang='lat' dir='ltr'><strong>Dulcitius,</strong></span> <span class='ocrx_word' id='word_1_133' title='bbox 384 1248 423 1295; x_wconf 86' lang='lat'><strong>3)</strong></span> <span class='ocrx_word' id='word_1_134' title='bbox 451 1247 661 1290; x_wconf 77' lang='lat' dir='ltr'><strong>Callimachus,</strong></span> <span class='ocrx_word' id='word_1_135' title='bbox 708 1247 749 1294; x_wconf 89' lang='lat'><strong>4)</strong></span> <span class='ocrx_word' id='word_1_136' title='bbox 769 1247 941 1291; x_wconf 76' lang='lat' dir='ltr'><strong>Abraham,</strong></span> <span class='ocrx_word' id='word_1_137' title='bbox 990 1248 1029 1295; x_wconf 89' lang='grc'><strong>5)</strong></span> <span class='ocrx_word' id='word_1_138' title='bbox 1050 1249 1248 1295; x_wconf 78' lang='lat' dir='ltr'><strong>Paphnutius,</strong></span> <span class='ocrx_word' id='word_1_139' title='bbox 1307 1248 1346 1295; x_wconf 86' lang='lat'><strong>6)</strong></span> <span class='ocrx_word' id='word_1_140' title='bbox 1377 1248 1466 1284; x_wconf 67' lang='lat' dir='ltr'><strong>Ede:</strong></span> <span class='ocrx_word' id='word_1_141' title='bbox 1490 1254 1518 1283; x_wconf 77' lang='lat' dir='ltr'><strong>et</strong></span> <span class='ocrx_word' id='word_1_142' title='bbox 1540 1247 1625 1295; x_wconf 82' lang='lat' dir='ltr'><strong>Spes.</strong></span> 
     </span>
     <span class='ocr_line' id='line_1_19' title="bbox 169 1306 1628 1351; baseline 0 -9"><span class='ocrx_word' id='word_1_143' title='bbox 169 1308 371 1343; x_wconf 88' lang='lat' dir='ltr'><strong>Praefatione</strong></span> <span class='ocrx_word' id='word_1_144' title='bbox 394 1307 478 1340; x_wconf 89' lang='lat' dir='ltr'><strong>ludis</strong></span> <span class='ocrx_word' id='word_1_145' title='bbox 497 1307 590 1341; x_wconf 91' lang='lat' dir='ltr'><strong>hisce</strong></span> <span class='ocrx_word' id='word_1_146' title='bbox 611 1307 751 1341; x_wconf 87' lang='lat' dir='ltr'><strong>scenicis</strong></span> <span class='ocrx_word' id='word_1_147' title='bbox 773 1307 963 1351; x_wconf 87' lang='lat' dir='ltr'><strong>praemissa,</strong></span> <span class='ocrx_word' id='word_1_148' title='bbox 988 1314 1127 1342; x_wconf 85' lang='lat' dir='ltr'><strong>excusat</strong></span> <span class='ocrx_word' id='word_1_149' title='bbox 1138 1306 1304 1347; x_wconf 58' lang='lat' dir='ltr'><strong>Rumina,</strong></span> <span class='ocrx_word' id='word_1_150' title='bbox 1328 1313 1508 1350; x_wconf 85' lang='lat' dir='ltr'><strong>tueturque</strong></span> <span class='ocrx_word' id='word_1_151' title='bbox 1523 1318 1628 1342; x_wconf 89' lang='lat' dir='ltr'><strong>suum</strong></span> 
     </span>
     <span class='ocr_line' id='line_1_20' title="bbox 171 1363 1626 1409; baseline -0.002 -9"><span class='ocrx_word' id='word_1_152' title='bbox 171 1364 359 1400; x_wconf 89' lang='lat' dir='ltr'><strong>institutum</strong></span> <span class='ocrx_word' id='word_1_153' title='bbox 383 1364 539 1398; x_wconf 87' lang='lat' dir='ltr'><strong>adversus</strong></span> <span class='ocrx_word' id='word_1_154' title='bbox 563 1374 639 1403; x_wconf 90' lang='lat' dir='ltr'><strong>eos,</strong></span> <span class='ocrx_word' id='word_1_155' title='bbox 670 1374 691 1397; x_wconf 87' lang='lat' dir='ltr'><strong>a</strong></span> <span class='ocrx_word' id='word_1_156' title='bbox 712 1363 830 1408; x_wconf 91' lang='lat' dir='ltr'><strong>quibus</strong></span> <span class='ocrx_word' id='word_1_157' title='bbox 859 1364 1088 1408; x_wconf 85' lang='lat' dir='ltr'><strong>accusabatur,</strong></span> <span class='ocrx_word' id='word_1_158' title='bbox 1117 1365 1205 1409; x_wconf 90' lang='lat' dir='ltr'><strong>quod</strong></span> <span class='ocrx_word' id='word_1_159' title='bbox 1234 1363 1395 1398; x_wconf 81' lang='lat' dir='ltr'><strong>Terentium</strong></span> <span class='ocrx_word' id='word_1_160' title='bbox 1423 1363 1566 1407; x_wconf 79' lang='lat' dir='ltr'><strong>legeret,</strong></span> <span class='ocrx_word' id='word_1_161' title='bbox 1591 1369 1626 1397; x_wconf 90' lang='lat' dir='ltr'><strong>et</strong></span> 
     </span>
     <span class='ocr_line' id='line_1_21' title="bbox 172 1419 1626 1467; baseline -0.001 -11"><span class='ocrx_word' id='word_1_162' title='bbox 172 1422 376 1459; x_wconf 88' lang='lat' dir='ltr'><strong>imitaretur,</strong></span> <span class='ocrx_word' id='word_1_163' title='bbox 409 1419 515 1454; x_wconf 83' lang='lat' dir='ltr'><strong>ubivis</strong></span> <span class='ocrx_word' id='word_1_164' title='bbox 540 1431 608 1454; x_wconf 90' lang='lat' dir='ltr'><strong>non</strong></span> <span class='ocrx_word' id='word_1_165' title='bbox 631 1421 712 1454; x_wconf 85' lang='lat' dir='ltr'><strong>satis</strong></span> <span class='ocrx_word' id='word_1_166' title='bbox 738 1422 960 1455; x_wconf 85' lang='lat' dir='ltr'><strong>verecundum</strong></span> <span class='ocrx_word' id='word_1_167' title='bbox 981 1427 1017 1456; x_wconf 88' lang='lat' dir='ltr'><strong>et</strong></span> <span class='ocrx_word' id='word_1_168' title='bbox 1039 1421 1211 1467; x_wconf 71' lang='lat' dir='ltr'><strong>pudicumt</strong></span> <span class='ocrx_word' id='word_1_169' title='bbox 1258 1421 1441 1465; x_wconf 85' lang='lat' dir='ltr'><strong>periculum</strong></span> <span class='ocrx_word' id='word_1_170' title='bbox 1461 1431 1552 1460; x_wconf 90' lang='lat' dir='ltr'><strong>esse,</strong></span> <span class='ocrx_word' id='word_1_171' title='bbox 1584 1431 1626 1454; x_wconf 92' lang='lat' dir='ltr'><strong>ne</strong></span> 
     </span>
     <span class='ocr_line' id='line_1_22' title="bbox 172 1476 1626 1523; baseline -0.002 -10"><span class='ocrx_word' id='word_1_172' title='bbox 172 1477 343 1522; x_wconf 85' lang='lat' dir='ltr'><strong>virginalis</strong></span> <span class='ocrx_word' id='word_1_173' title='bbox 367 1477 469 1523; x_wconf 88' lang='lat' dir='ltr'><strong>pudor</strong></span> <span class='ocrx_word' id='word_1_174' title='bbox 495 1476 696 1518; x_wconf 88' lang='lat' dir='ltr'><strong>laederetur,</strong></span> <span class='ocrx_word' id='word_1_175' title='bbox 728 1483 786 1513; x_wconf 88' lang='lat' dir='ltr'><strong>aut</strong></span> <span class='ocrx_word' id='word_1_176' title='bbox 808 1478 916 1514; x_wconf 90' lang='lat' dir='ltr'><strong>labem</strong></span> <span class='ocrx_word' id='word_1_177' title='bbox 939 1479 1150 1518; x_wconf 78' lang='lat' dir='ltr'><strong>contrahth</strong></span> <span class='ocrx_word' id='word_1_178' title='bbox 1173 1479 1309 1523; x_wconf 85' lang='lat' dir='ltr'><strong>virginis</strong></span> <span class='ocrx_word' id='word_1_179' title='bbox 1329 1478 1400 1513; x_wconf 90' lang='lat' dir='ltr'><strong>Deo</strong></span> <span class='ocrx_word' id='word_1_180' title='bbox 1424 1478 1550 1511; x_wconf 88' lang='lat' dir='ltr'><strong>dicatae</strong></span> <span class='ocrx_word' id='word_1_181' title='bbox 1573 1477 1626 1511; x_wconf 87' lang='lat' dir='ltr'><strong>in-</strong></span> 
     </span>
     <span class='ocr_line' id='line_1_23' title="bbox 172 1537 320 1581; baseline -0.014 -10"><span class='ocrx_word' id='word_1_182' title='bbox 172 1537 320 1581; x_wconf 77' lang='lat' dir='ltr'><strong>tegritas.</strong></span> 
     </span>
    </p>
   </div>
   <div class='ocr_carea' id='block_1_6' title="bbox 172 1602 1630 1995">
    <p class='ocr_par' dir='ltr' id='par_1_7' title="bbox 172 1602 1630 1995">
     <span class='ocr_line' id='line_1_24' title="bbox 265 1602 1626 1649; baseline -0.001 -10"><span class='ocrx_word' id='word_1_183' title='bbox 265 1603 305 1639; x_wconf 88' lang='lat' dir='ltr'><strong>In</strong></span> <span class='ocrx_word' id='word_1_184' title='bbox 328 1603 467 1648; x_wconf 87' lang='lat' dir='ltr'><strong>epistola</strong></span> <span class='ocrx_word' id='word_1_185' title='bbox 491 1604 570 1638; x_wconf 89' lang='lat' dir='ltr'><strong>huic</strong></span> <span class='ocrx_word' id='word_1_186' title='bbox 593 1604 786 1649; x_wconf 84' lang='lat' dir='ltr'><strong>praefationi</strong></span> <span class='ocrx_word' id='word_1_187' title='bbox 808 1605 945 1646; x_wconf 88' lang='lat' dir='ltr'><strong>adnexa,</strong></span> <span class='ocrx_word' id='word_1_188' title='bbox 968 1606 1093 1641; x_wconf 89' lang='lat' dir='ltr'><strong>indicat</strong></span> <span class='ocrx_word' id='word_1_189' title='bbox 1111 1602 1265 1640; x_wconf 75' lang='lat' dir='ltr'><strong>Roswitlza</strong></span> <span class='ocrx_word' id='word_1_190' title='bbox 1287 1604 1404 1644; x_wconf 87' lang='lat' dir='ltr'><strong>libros,</strong></span> <span class='ocrx_word' id='word_1_191' title='bbox 1436 1612 1520 1648; x_wconf 88' lang='lat' dir='ltr'><strong>quos</strong></span> <span class='ocrx_word' id='word_1_192' title='bbox 1544 1613 1626 1637; x_wconf 90' lang='lat' dir='ltr'><strong>con-</strong></span> 
     </span>
     <span class='ocr_line' id='line_1_25' title="bbox 172 1660 1628 1706; baseline -0.003 -9"><span class='ocrx_word' id='word_1_193' title='bbox 172 1660 315 1700; x_wconf 86' lang='lat' dir='ltr'><strong>fecisset,</strong></span> <span class='ocrx_word' id='word_1_194' title='bbox 340 1670 379 1694; x_wconf 86' lang='lat' dir='ltr'><strong>se</strong></span> <span class='ocrx_word' id='word_1_195' title='bbox 402 1660 594 1695; x_wconf 84' lang='lat' dir='ltr'><strong>exhibuisse</strong></span> <span class='ocrx_word' id='word_1_196' title='bbox 619 1661 846 1703; x_wconf 81' lang='lat' dir='ltr'><strong>virisdoctis3</strong></span> <span class='ocrx_word' id='word_1_197' title='bbox 875 1663 1026 1706; x_wconf 86' lang='lat' dir='ltr'><strong>hincque</strong></span> <span class='ocrx_word' id='word_1_198' title='bbox 1045 1674 1083 1697; x_wconf 91' lang='lat' dir='ltr'><strong>se</strong></span> <span class='ocrx_word' id='word_1_199' title='bbox 1107 1668 1280 1706; x_wconf 85' lang='lat' dir='ltr'><strong>expectare</strong></span> <span class='ocrx_word' id='word_1_200' title='bbox 1303 1669 1493 1699; x_wconf 88' lang='lat' dir='ltr'><strong>censuram,</strong></span> <span class='ocrx_word' id='word_1_201' title='bbox 1519 1660 1628 1704; x_wconf 71' lang='lat' dir='ltr'><strong>prius⁴</strong></span> 
     </span>
     <span class='ocr_line' id='line_1_26' title="bbox 173 1715 1627 1765; baseline -0.003 -11"><span class='ocrx_word' id='word_1_202' title='bbox 173 1729 275 1765; x_wconf 88' lang='lat' dir='ltr'><strong>quam</strong></span> <span class='ocrx_word' id='word_1_203' title='bbox 290 1716 410 1752; x_wconf 87' lang='lat' dir='ltr'><strong>ederet.</strong></span> <span class='ocrx_word' id='word_1_204' title='bbox 447 1717 485 1752; x_wconf 91' lang='lat' dir='ltr'><strong>In</strong></span> <span class='ocrx_word' id='word_1_205' title='bbox 501 1715 566 1750; x_wconf 89' lang='lat' dir='ltr'><strong>fine</strong></span> <span class='ocrx_word' id='word_1_206' title='bbox 588 1726 749 1752; x_wconf 85' lang='lat' dir='ltr'><strong>censores</strong></span> <span class='ocrx_word' id='word_1_207' title='bbox 767 1717 819 1751; x_wconf 87' lang='lat' dir='ltr'><strong>his</strong></span> <span class='ocrx_word' id='word_1_208' title='bbox 841 1717 1017 1761; x_wconf 90' lang='lat' dir='ltr'><strong>compellat</strong></span> <span class='ocrx_word' id='word_1_209' title='bbox 1032 1718 1158 1753; x_wconf 86' lang='lat' dir='ltr'><strong>verbis:</strong></span> <span class='ocrx_word' id='word_1_210' title='bbox 1183 1719 1319 1759; x_wconf 88' lang='lat' dir='ltr'><strong>‚,Decet‚</strong></span> <span class='ocrx_word' id='word_1_211' title='bbox 1344 1723 1381 1752; x_wconf 92' lang='lat' dir='ltr'><strong>ut</strong></span> <span class='ocrx_word' id='word_1_212' title='bbox 1401 1728 1470 1751; x_wconf 89' lang='lat' dir='ltr'><strong>non</strong></span> <span class='ocrx_word' id='word_1_213' title='bbox 1487 1716 1627 1751; x_wconf 86' lang='lat' dir='ltr'><strong>minoris</strong></span> 
     </span>
     <span class='ocr_line' id='line_1_27' title="bbox 173 1773 1628 1820; baseline -0.002 -10"><span class='ocrx_word' id='word_1_214' title='bbox 173 1775 375 1820; x_wconf 81' lang='lat' dir='ltr'><strong>„diligentia</strong></span> <span class='ocrx_word' id='word_1_215' title='bbox 394 1773 622 1810; x_wconf 90' lang='lat' dir='ltr'><strong>sollicitudinis</strong></span> <span class='ocrx_word' id='word_1_216' title='bbox 645 1774 793 1809; x_wconf 90' lang='lat' dir='ltr'><strong>libellum</strong></span> <span class='ocrx_word' id='word_1_217' title='bbox 816 1785 928 1809; x_wconf 89' lang='lat' dir='ltr'><strong>meum</strong></span> <span class='ocrx_word' id='word_1_218' title='bbox 952 1775 1156 1811; x_wconf 90' lang='lat' dir='ltr'><strong>emendando</strong></span> <span class='ocrx_word' id='word_1_219' title='bbox 1179 1775 1397 1820; x_wconf 62' lang='lat' dir='ltr'><strong>investigetis</strong></span> <span class='ocrx_word' id='word_1_220' title='bbox 1425 1785 1527 1819; x_wconf 89' lang='lat' dir='ltr'><strong>quam</strong></span> <span class='ocrx_word' id='word_1_221' title='bbox 1550 1784 1628 1818; x_wconf 88' lang='lat' dir='ltr'><strong>pro-</strong></span> 
     </span>
     <span class='ocr_line' id='line_1_28' title="bbox 176 1831 1630 1879; baseline -0.003 -11"><span class='ocrx_word' id='word_1_222' title='bbox 176 1833 281 1879; x_wconf 78' lang='lat' dir='ltr'><strong>„prii</strong></span> <span class='ocrx_word' id='word_1_223' title='bbox 298 1832 417 1867; x_wconf 88' lang='lat' dir='ltr'><strong>seriem</strong></span> <span class='ocrx_word' id='word_1_224' title='bbox 445 1831 583 1868; x_wconf 89' lang='lat' dir='ltr'><strong>laboris:</strong></span> <span class='ocrx_word' id='word_1_225' title='bbox 621 1837 655 1867; x_wconf 88' lang='lat' dir='ltr'><strong>et</strong></span> <span class='ocrx_word' id='word_1_226' title='bbox 682 1832 730 1867; x_wconf 91' lang='lat' dir='ltr'><strong>sic</strong></span> <span class='ocrx_word' id='word_1_227' title='bbox 761 1833 894 1867; x_wconf 86' lang='lat' dir='ltr'><strong>tandem</strong></span> <span class='ocrx_word' id='word_1_228' title='bbox 924 1833 968 1867; x_wconf 90' lang='lat' dir='ltr'><strong>ad</strong></span> <span class='ocrx_word' id='word_1_229' title='bbox 992 1843 1145 1868; x_wconf 88' lang='lat' dir='ltr'><strong>normam</strong></span> <span class='ocrx_word' id='word_1_230' title='bbox 1174 1833 1377 1868; x_wconf 82' lang='lat' dir='ltr'><strong>rectitudinis</strong></span> <span class='ocrx_word' id='word_1_231' title='bbox 1407 1832 1630 1866; x_wconf 87' lang='lat' dir='ltr'><strong>reformatum</strong></span> 
     </span>
     <span class='ocr_line' id='line_1_29' title="bbox 176 1883 1629 1937; baseline -0.003 -10"><span class='ocrx_word' id='word_1_232' title='bbox 176 1890 287 1934; x_wconf 88' lang='lat' dir='ltr'><strong>„mihi</strong></span> <span class='ocrx_word' id='word_1_233' title='bbox 309 1889 489 1933; x_wconf 89' lang='lat' dir='ltr'><strong>remittite;</strong></span> <span class='ocrx_word' id='word_1_234' title='bbox 521 1900 588 1935; x_wconf 89' lang='lat' dir='ltr'><strong>quo</strong></span> <span class='ocrx_word' id='word_1_235' title='bbox 612 1891 712 1926; x_wconf 89' lang='lat' dir='ltr'><strong>vestri</strong></span> <span class='ocrx_word' id='word_1_236' title='bbox 735 1883 926 1934; x_wconf 82' lang='lat' dir='ltr'><strong>magisterio</strong></span> <span class='ocrx_word' id='word_1_237' title='bbox 949 1896 1248 1937; x_wconf 87' lang='lat' dir='ltr'><strong>praemonstrante,</strong></span> <span class='ocrx_word' id='word_1_238' title='bbox 1281 1891 1316 1925; x_wconf 93' lang='lat' dir='ltr'><strong>in</strong></span> <span class='ocrx_word' id='word_1_239' title='bbox 1339 1889 1456 1934; x_wconf 88' lang='lat' dir='ltr'><strong>quibus</strong></span> <span class='ocrx_word' id='word_1_240' title='bbox 1480 1887 1629 1923; x_wconf 86' lang='lat' dir='ltr'><strong>maxime</strong></span> 
     </span>
     <span class='ocr_line' id='line_1_30' title="bbox 177 1946 812 1995; baseline -0.003 -10"><span class='ocrx_word' id='word_1_241' title='bbox 177 1973 200 1992; x_wconf 86' lang='lat'><strong>„</strong></span> <span class='ocrx_word' id='word_1_242' title='bbox 210 1957 418 1995; x_wconf 87' lang='lat' dir='ltr'><strong>peccassem,</strong></span> <span class='ocrx_word' id='word_1_243' title='bbox 449 1946 576 1992; x_wconf 87' lang='lat' dir='ltr'><strong>possim</strong></span> <span class='ocrx_word' id='word_1_244' title='bbox 600 1948 812 1992; x_wconf 87' lang='lat' dir='ltr'><strong>agnoscere.“</strong></span> 
     </span>
    </p>
   </div>
   <div class='ocr_carea' id='block_1_7' title="bbox 174 2027 1633 2133">
    <p class='ocr_par' dir='ltr' id='par_1_8' title="bbox 174 2027 1633 2133">
     <span class='ocr_line' id='line_1_31' title="bbox 215 2027 1632 2082; baseline -0.004 -15"><span class='ocrx_word' id='word_1_245' title='bbox 215 2072 217 2074; x_wconf 21' lang='lat'><strong><em>¹</em></strong></span> <span class='ocrx_word' id='word_1_246' title='bbox 269 2030 377 2067; x_wconf 89' lang='lat' dir='ltr'><strong>Nemo</strong></span> <span class='ocrx_word' id='word_1_247' title='bbox 399 2042 421 2066; x_wconf 91' lang='lat' dir='ltr'><strong>a</strong></span> <span class='ocrx_word' id='word_1_248' title='bbox 443 2029 540 2066; x_wconf 87' lang='lat' dir='ltr'><strong>nobis</strong></span> <span class='ocrx_word' id='word_1_249' title='bbox 562 2028 637 2075; x_wconf 84' lang='lat' dir='ltr'><strong>jure</strong></span> <span class='ocrx_word' id='word_1_250' title='bbox 659 2029 917 2082; x_wconf 77' lang='lat' dir='ltr'><strong>exspectaverit,</strong></span> <span class='ocrx_word' id='word_1_251' title='bbox 950 2028 1106 2065; x_wconf 87' lang='lat' dir='ltr'><strong>harumce</strong></span> <span class='ocrx_word' id='word_1_252' title='bbox 1128 2028 1402 2069; x_wconf 76' lang='lat' dir='ltr'><strong>comoediarum,</strong></span> <span class='ocrx_word' id='word_1_253' title='bbox 1433 2038 1519 2074; x_wconf 90' lang='lat' dir='ltr'><strong>quae</strong></span> <span class='ocrx_word' id='word_1_254' title='bbox 1541 2027 1632 2072; x_wconf 85' lang='lat' dir='ltr'><strong>stylo</strong></span> 
     </span>
     <span class='ocr_line' id='line_1_32' title="bbox 174 2087 1633 2133; baseline -0.005 -8"><span class='ocrx_word' id='word_1_255' title='bbox 174 2089 286 2126; x_wconf 88' lang='lat' dir='ltr'><strong>soluto</strong></span> <span class='ocrx_word' id='word_1_256' title='bbox 308 2089 492 2127; x_wconf 81' lang='lat' dir='ltr'><strong>elaboratae</strong></span> <span class='ocrx_word' id='word_1_257' title='bbox 507 2092 596 2125; x_wconf 79' lang='lat' dir='ltr'><strong>sunt,</strong></span> <span class='ocrx_word' id='word_1_258' title='bbox 618 2087 790 2132; x_wconf 80' lang='lat' dir='ltr'><strong>prolixam,</strong></span> <span class='ocrx_word' id='word_1_259' title='bbox 807 2093 1039 2124; x_wconf 86' lang='lat' dir='ltr'><strong>accuratamve</strong></span> <span class='ocrx_word' id='word_1_260' title='bbox 1059 2088 1324 2133; x_wconf 82' lang='lat' dir='ltr'><strong>descriptionem,</strong></span> <span class='ocrx_word' id='word_1_261' title='bbox 1344 2094 1406 2123; x_wconf 89' lang='lat' dir='ltr'><strong>aut</strong></span> <span class='ocrx_word' id='word_1_262' title='bbox 1418 2089 1633 2132; x_wconf 83' lang='lat' dir='ltr'><strong>argumento-</strong></span> 
     </span>
    </p>
   </div>
  </div>
 </body>
</html>
