1832 2463
204 133 245 166 80
737 145 813 170 ma.
840 119 889 168 ιε’]
933 143 1010 180 carr.
1036 144 1116 169 xiv.

201 227 259 271 qui
281 229 440 266 thesauro
463 238 576 263 recens
599 226 734 260 invento
767 225 814 260 ita
843 224 943 261 fuerit
970 212 1170 268 oblectatus,
1206 231 1247 263 ut
1275 227 1428 274 jusserit.
1459 237 1648 284 curamque

204 288 295 331 typis
310 288 424 322 excudi
431 298 442 328 ‚·
464 283 643 319 dedicanda
658 282 784 317 nemini
804 283 931 328 majore
941 283 1032 328 jure,
1064 295 1165 328 quarn
1181 286 1267 330 ipsi:
1300 287 1328 321 si
1343 289 1478 332 quidem
1498 292 1533 326 in
1549 296 1649 330 terris

205 344 396 381 saxonicis,
437 352 457 375 a
487 339 616 384 virgine
648 341 751 385 patria
779 339 912 376 Saxone
948 341 1027 376 liber
1057 343 1100 377 sit
1131 343 1354 390 compositus,
1386 349 1648 394 conscriptusve‚

204 402 319 436 Postea
343 398 525 434 effunditur
547 395 670 432 Celtis
694 398 728 433 in
752 398 871 434 laudes
890 398 946 434 sui
969 400 1193 443 Maecenatis.¹
1214 411 1298 445 quas
1320 405 1556 447 praeterimus:
1583 408 1649 446 illis

203 456 310 489 solum
333 454 511 494 adnotatis,
536 465 621 498 quae
646 454 780 499 propius
802 456 868 491 huc
890 457 1073 502 pertinent:
1096 457 1289 502 Siquando,
1313 458 1428 505 inquit,
1453 463 1650 508 arepublica

201 522 322 554 vacas,
344 513 468 548 mirum
489 518 585 549 tuum
608 512 642 548 in
665 512 794 549 litteras
816 514 964 551 studium
988 522 1049 552 est.
1097 515 1198 552 Nunc
1220 522 1355 562 poetas,
1377 529 1468 555 nunc
1491 527 1649 564 oratores.

200 580 234 607 et
262 573 565 615 historiographos,
596 571 667 615 jam
700 572 866 612 medicos,
898 580 932 608 et
955 573 1150 617 theologos,
1189 585 1278 609 nunc
1304 575 1515 620 jurisperitos
1542 579 1650 620 audis,

199 629 299 672 legis,
332 634 365 662 et
389 627 456 662 illis
481 627 667 663 oblectaris.
742 628 837 664 Nunc
861 630 895 664 in
923 630 1181 665 mathematicae
1204 630 1384 677 disciplinis
1394 658 1406 674 ‚‚
1438 635 1593 673 numeris.
1617 642 1652 673 et

199 686 380 727 mensuris,
410 693 444 722 et
467 692 638 721 astrorum
670 687 976 727 observationibus,
1008 694 1043 721 et
1067 689 1195 721 naturis
1230 696 1265 723 et
1295 691 1454 725 motibus
1470 694 1653 729 delectaris.

200 744 367 780 Musicam
391 750 426 777 et
450 744 635 787 picturam,
669 749 703 777 et
730 754 807 782 eas,
836 754 918 786 quas
942 743 1061 778 Graeci
1093 750 1128 777 et
1150 742 1261 778 Latini
1293 745 1328 778 in
1353 745 1594 791 admiratione,
1619 757 1655 785 et

199 801 349 837 maximo
380 801 474 836 cultu
487 833 489 836 ,
504 800 647 836 habuere
662 826 671 841 ,
713 810 894 845 earumque
916 799 1042 836 artium
1070 799 1222 845 egregios
1242 801 1421 846 magistros
1451 804 1520 839 tuis
1544 806 1650 848 donis,

200 867 235 895 et
256 858 452 893 muneribus
476 869 598 899 ornas,
619 864 657 892 et
675 857 878 892 accumulas.
925 857 1090 893 Tandem.
1122 863 1297 902 postquam
1321 868 1651 906 commemoraverat,

201 917 413 952 sodalitatem
439 915 636 964 litterariam
670 925 691 948 a
712 919 831 949 senatu
854 913 1017 949 Caesareo
1040 914 1075 948 in
1099 914 1263 956 comitiis,
1292 916 1469 961 singulari,
1506 930 1546 954 ac
1579 920 1651 966 ejus

203 975 336 1021 generis
366 974 474 1020 primo
489 999 499 1013 ,
532 972 697 1008 munitam
729 972 831 1007 fuisse
860 970 1030 1016 privilegio
1043 998 1051 1012 ,
1089 978 1127 1007 ut
1155 973 1273 1017 nequis
1302 985 1402 1019 opera
1436 987 1457 1011 a
1487 978 1653 1022 sodalibus

203 1032 376 1069 litterariis
391 1032 489 1070 edita,
509 1030 665 1064 recudere
678 1030 775 1069 ausit,
801 1029 847 1063 ita
861 1028 951 1063 finit:
983 1029 1060 1063 Vale
1074 1041 1113 1063 ex
1121 1028 1327 1073 Norimberga‚
1338 1030 1478 1075 Augusta
1485 1033 1651 1075 Praetoria,

203 1088 365 1123 diversorio
386 1092 486 1121 nostro
507 1086 667 1124 litterario,
697 1084 766 1119 aede
789 1083 938 1122 Bilibaldi
958 1084 1161 1126 Pirckhamer,
1193 1087 1340 1130 utriusque
1361 1087 1479 1134 linguae
1507 1095 1535 1124 et
1554 1089 1657 1136 pbilo-

201 1146 319 1194 sophiae
338 1144 554 1181 studiosissimi.

299 1253 347 1288 ΙΙ.
406 1248 642 1294 Praefationem‚
681 1249 752 1284 sive
784 1248 957 1298 epistolam
991 1248 1266 1293 nuncupatoriam
1304 1235 1453 1294 proaime
1484 1239 1671 1297 excipiunt*

200 1308 375 1358 Sodalitatir
390 1309 549 1343 litterariae
566 1308 788 1351 epigrammata,
813 1307 844 1339 in
859 1304 1074 1348 Norimbergae
1096 1312 1234 1339 conventu
1242 1305 1424 1350 ffincipum,
1447 1312 1474 1340 et
1487 1307 1653 1344 decretoriis

185 1365 324 1408 Imperii
355 1363 464 1402 diebus,
480 1364 645 1396 constituta.
699 1360 738 1394 In
764 1372 851 1403 opera
878 1361 1058 1399 Roswithae,
1090 1360 1268 1394 clarissimae
1291 1363 1425 1405 virginis,
1458 1370 1486 1396 et
1516 1367 1653 1399 nzonialis

208 1420 408 1456 Germanicae.

295 1499 583 1542 Quemadmodum
607 1508 707 1543 supra
730 1495 843 1532 socios
868 1495 1053 1531 sodalitatis
1076 1497 1138 1531 litt.
1163 1488 1166 1491 ’
1278 1499 1378 1538 ianae,
1403 1498 1460 1542 qui
1476 1504 1652 1550 occurrunt

203 1561 237 1594 in
259 1557 386 1603 Apuleio
411 1556 554 1596 Celtir,
589 1555 836 1595 recensuimus;
881 1553 928 1588 ita
961 1565 1047 1588 nunc
1076 1555 1204 1589 ratione
1244 1556 1312 1600 pari
1341 1558 1463 1589 versari
1498 1556 1587 1590 lubet
1617 1557 1652 1591 in

202 1616 385 1650 indicandis
418 1614 586 1649 sodalibus
617 1612 787 1647 societatis
812 1609 990 1650 Rhmanae,
1026 1621 1168 1655 quorum
1198 1611 1235 1646 fit
1266 1613 1391 1646 mentio
1425 1612 1459 1646 in
1481 1610 1653 1648 Rosa-ithae
1715 1660 1717 1663 .

201 1673 351 1719 operibus
364 1700 372 1715 ‚
412 1672 530 1718 quibus
566 1669 709 1717 praefixa
738 1675 818 1704 sunt
850 1668 1078 1713 epigrammata,
1116 1681 1230 1705 eorum
1261 1669 1419 1723 insignita
1451 1672 1650 1708 nominibus.

200 1732 270 1766 Eos
294 1731 438 1774 quidem,
463 1730 520 1773 qui
545 1729 673 1763 abunde
696 1728 765 1760 noti
788 1733 866 1761 sunt
888 1727 923 1760 in
945 1727 1109 1771 republica
1132 1726 1303 1766 litteraria,
1327 1732 1505 1769 tangemus
1526 1727 1650 1772 paucis

202 1787 351 1837 nonnihil
372 1785 539 1831 longiores
561 1782 668 1819 futuri
690 1781 726 1816 in
748 1781 839 1821 aliis,
863 1793 929 1817 non
952 1787 1023 1818 tam
1047 1783 1114 1818 late
1135 1782 1288 1827 cognitis.

658 1886 863 1924 joannes
898 1887 1205 1927 muntinolus·

274 1946 642 1988 Wumatiemisepiscopus
659 1945 821 1977 sodalitatis
838 1943 993 1977 litterariae
1006 1930 1060 1982 per
1077 1943 1233 1974 universam
1253 1941 1436 1978 Germaniam
1452 1934 1594 1984 Piraeos.
1638 1979 1642 1990 -.

522 2026 614 2066 Quae
637 2022 750 2069 paucis
775 2025 868 2056 aetas
896 2020 1061 2054 concessit
1084 2021 1185 2065 patria
1210 2022 1321 2062 sexus,

577 2081 738 2121 Roswitha
756 2078 907 2126 virgineo
930 2076 1091 2132 praestitit
1113 2078 1257 2125 ingenio.
