1832 2463
161 654 326 722 Omne
351 675 501 725 otium,
536 675 862 727 commilitones,
894 677 1106 719 honestum
1134 690 1225 720 esse
1253 679 1374 720 debet
1400 686 1450 720 'et
1476 681 1613 721 mode-

160 764 310 804 ratum;
336 753 508 806 alioquin
536 754 683 795 desidia
706 755 932 805 languemus
963 764 1005 795 et
1030 756 1280 805 congelamus
1306 756 1456 815 inertia.
1511 757 1613 809 Qua-

160 839 325 883 propter
371 839 413 870 et
454 842 529 869 nos
563 840 708 881 gratam
748 831 854 871 illam
899 844 981 873 non
1018 833 1147 873 minus
1192 844 1306 884 quam
1347 833 1613 873 necessariam

159 907 303 947 laboris
341 914 384 946 et
411 905 483 945 otii
508 906 821 947 vicissitudinem
847 919 1056 948 servemus
1092 917 1134 947 et
1159 908 1283 948 studia
1309 918 1443 948 nostra
1469 910 1504 948 si
1530 922 1613 949 non

158 984 340 1037 deposita
369 992 502 1024 tamen
525 982 758 1036 aliquamdiu
780 984 942 1025 remissa
977 996 1082 1025 nova
1105 984 1246 1024 virium
1272 984 1529 1025 contentione
1556 996 1617 1025 re-

161 1070 355 1114 petamus.
418 1059 503 1112 jam
536 1059 652 1110 igitur
677 1048 845 1110 adeste,*
880 1062 927 1102 ad
955 1061 1062 1113 signa
1090 1062 1321 1111 convolate3
1363 1062 1441 1108 jam
1478 1072 1616 1111 agmen

160 1138 292 1178 denuo
320 1137 589 1191 explicandum
609 1144 690 1184 est,
719 1136 800 1186 jam
822 1137 954 1177 denuo
974 1123 1188 1190 promenda
1204 1120 1405 1185 arma,non
1425 1137 1615 1177 bellicosa

158 1213 224 1254 illa
255 1214 415 1266 quidem
454 1222 497 1253 et
533 1219 712 1260 cruenta,
753 1212 825 1252 sed
859 1213 1016 1264 pacifica
1054 1222 1097 1254 et
1130 1213 1331 1261 salutaria,
1377 1224 1416 1252 m
1474 1212 1482 1219 “
1524 1210 1614 1259 ndi,

166 1289 388 1339 scribendi5
428 1290 612 1341 legendi,
661 1288 798 1342 quibus
837 1290 1070 1343 optimarum
1111 1291 1248 1342 artium
1281 1289 1407 1347 studia
1544 1298 1618 1327 tur.

160 1363 250 1417 Jam
271 1366 401 1408 denuo
424 1366 639 1420 periculum
659 1364 855 1414 faciamus,
879 1366 999 1418 ‘quam
1027 1378 1125 1407 vere
1152 1382 1172 1408 a
1195 1367 1378 1408 Romano
1407 1373 1498 1405 vate
1522 1363 1620 1402 illud

160 1444 360 1496 proditum
382 1445 455 1485 sit:
495 1439 636 1495 Major
657 1446 754 1496 post
787 1440 871 1483 otia
894 1441 1033 1484 virtus.
1062 1444 1112 1493 *)
1175 1444 1314 1497 Atque
1334 1442 1470 1496 procul
1499 1440 1618 1481 dubio

159 1532 213 1560 eo
242 1523 370 1562 minus
395 1520 616 1569 cessabitis,
643 1531 731 1559 cum
761 1529 813 1558 ex
836 1519 920 1559 otio
947 1532 1028 1560 non
1047 1521 1105 1568 ,ad
1128 1520 1285 1571 negotia
1307 1518 1519 1569 cogamini,
1546 1516 1622 1557 sed

158 1597 285 1637 otium
301 1610 389 1638 cum
412 1598 496 1637 otio
517 1597 602 1637 sitis
623 1596 889 1647 permutaturi.
937 1596 998 1637 Ita
1018 1597 1124 1637 enim
1149 1609 1246 1638 vere
1266 1607 1355 1636 esse
1382 1591 1619 1640 invenietis,

160 1665 490 1719 Commststohes,
517 1671 552 1709 si
579 1682 663 1710 rem
693 1670 815 1720 ipsam
833 1680 949 1720 atque
971 1672 1068 1711 adeo
1090 1672 1156 1711 vel
1179 1672 1411 1713 vocabulum
1438 1668 1511 1709 otii
1533 1678 1622 1719 pet-

162 1747 389 1803 penderitis.
442 1745 618 1788 Veteres
645 1745 770 1794 enim,
804 1754 1047 1795 ut‘constat,
1083 1747 1177 1788 illud
1209 1760 1329 1804 omne
1362 1757 1517 1799 tempus
1546 1743 1619 1783 otii

162 1825 325 1866 nomine
345 1823 660 1875 appellaverunt,
686 1835 763 1875 quo
781 1835 801 1862 a
830 1822 995 1873 publicis
1028 1824 1266 1876 reipublicae
1296 1820 1619 1863 administrandae

164 1899 391 1942 muneribus
404 1898 525 1947 vacui,
550 1898 747 1953 sibiipsis,
773 1897 897 1940 literis
911 1907 954 1939 et
964 1897 1156 1939 bonarum
1173 1882 1311 1940 artium
1326 1898 1465 1939 studiis
1478 1897 1623 1938 vivere

232 2063 262 2097 ⁸)
287 2062 359 2093 Stat.
375 2061 460 2100 Sylv.
479 2060 533 2096 IV,
559 2059 594 2096 4,
621 2060 666 2091 34.
