1832 2463
216 166 280 200 11³0
783 168 853 195 ua.
879 169 924 196 ιι.
968 167 1045 196 cu.
1068 167 1151 194 xvr.

240 256 281 303 7)
302 254 409 292 Luam
426 253 560 289 Dianae,
587 259 701 285 coram
713 240 930 285 Maximiliano
951 249 1049 297 imp.‚
1081 258 1140 294 per
1162 247 1371 284 sodalitatem
1385 249 1485 286 litter.
1501 245 1666 289 Danubiaei‘-

307 324 404 352 nam,
435 308 537 344 Lincii
559 313 666 343 actus.

240 382 279 428 8)
304 379 396 423 Copia
419 377 527 411 Bullae
547 376 673 420 Regiae
696 375 870 409 erectionis
893 374 1025 418 collegii
1052 376 1236 419 poetarum,
1269 379 1303 409 et
1332 374 1667 417 mathematicomm:

303 447 379 472 cum
404 435 565 470 facultate
587 431 790 478 insigniendi
813 436 940 476 poetas.

190 513 192 517 ’
237 507 275 549 9)
296 504 523 549 Panegyricus
551 502 701 537 Vincentii
715 500 865 546 Longini,
890 500 1036 535 carmine
1051 499 1195 542 heroico.
1219 500 1328 536 dictus
1345 499 1585 552 Maximiltano,
1603 510 1668 546 pro

303 567 416 598 erecto
441 561 530 596 dicto
553 559 702 604 collegio.

215 629 276 677 ιο)
296 630 455 677 Epis-colae
467 630 569 665 duae:
581 628 688 664 altera
699 625 979 668 Sebaldiciamosk
994 627 1099 662 altera
1108 624 1248 665 Celtis,
1263 634 1330 670 qua
1340 623 1474 660 Clamoso
1482 623 1667 670 respondet.

215 702 274 740 ιι)
299 700 450 745 Imagines
474 697 539 733 XI.
569 703 706 732 auctore
730 694 855 731 Alberto
869 694 998 730 Du'rero.

216 768 276 815 12)
301 768 443 803 Clausala
467 766 601 812 operis;
631 771 666 800 et
688 766 802 810 insigne
823 763 1026 809 adjunctum.

303 886 358 920 Ex
373 882 556 929 opusculis,
581 891 667 926 quae
683 882 783 916 modo
798 879 1035 918 indicavimus,
1060 878 1124 913 alia
1134 878 1205 923 Jam
1217 882 1296 911 ante
1312 882 1407 912 erant
1419 876 1555 922 vulgata
1571 878 1669 923 typis,

214 950 316 988 atque
340 942 368 976 §.
384 941 412 975 §.
438 938 708 984 praecedentibus
732 947 752 971 a
777 937 871 972 nobis
896 936 1077 977 recensita;
1108 935 1172 968 alia
1193 944 1281 968 nunc
1304 934 1447 979 primum
1467 941 1669 980 comparent.

214 999 384 1036 Prioribus
403 995 516 1031 missis
526 1020 534 1034 ‚
557 994 599 1029 de
613 994 664 1029 his
680 994 844 1029 duntaxat
861 1003 950 1028 nunc
964 992 1154 1032 referemus,
1179 991 1221 1026 de
1236 990 1353 1036 quibus
1369 993 1517 1027 nondum
1532 991 1668 1027 fecitnus

214 1057 413 1102 peculiarem
434 1052 651 1088 mentionem.

310 1174 335 1208 I.
391 1171 541 1207 Priorem
570 1171 681 1215 itaque
713 1172 779 1206 hoc
814 1173 850 1207 in
880 1178 1096 1217 syntagmate
1134 1174 1247 1208 locum
1276 1171 1405 1208 othnet
1448 1169 1601 1213 Praefatio
1630 1169 1674 1204 ad

214 1230 464 1266 Maximilianum
488 1227 712 1273 Imperatorem
736 1229 798 1262 sive
821 1228 1001 1275 Panegyrici
1021 1230 1100 1265 Pars
1121 1231 1229 1275 prima.
1277 1227 1432 1264 Affirmat
1458 1225 1586 1261 Celtis
1608 1226 1672 1261 hos

211 1294 357 1334 quatuor
380 1285 526 1322 Amorum
552 1286 653 1321 libros
670 1311 679 1326 ‚
725 1286 897 1321 decennali
927 1287 1191 1333 peregrinatione
1222 1298 1245 1322 a
1269 1298 1307 1322 se
1340 1286 1540 1331 conscriptos
1573 1294 1670 1327 esse3

209 1344 449 1389 nuncupandos
471 1355 538 1378 non
559 1343 630 1382 alii,
655 1354 756 1387 quam
768 1343 985 1377 Maximiliano
1007 1344 1208 1388 Imperatori,
1233 1356 1252 1379 a
1268 1343 1359 1389 cujus
1374 1343 1514 1379 Parente
1536 1349 1672 1389 ornatus

209 1402 310 1437 fuerit
341 1401 453 1434 laurea
484 1399 680 1443 Apollinari.
735 1400 868 1432 Laudat
897 1399 1164 1439 Maximiliamm,
1201 1402 1288 1443 quod
1307 1401 1477 1444 colligeret
1501 1400 1615 1434 exules
1639 1403 1673 1433 et

213 1464 362 1494 errantes
390 1457 519 1495 Musas,
543 1456 743 1498 easdemque
767 1455 951 1490 vindicaret
974 1467 993 1489 a
1010 1462 1190 1496 contemtu,
1216 1463 1251 1491 et
1270 1456 1453 1491 calumniis.
1500 1456 1674 1500 Praedicat

211 1504 391 1559 collegium
417 1519 603 1559 poetarum,
630 1518 664 1547 et
687 1511 1007 1551 mathematicorum,
1033 1512 1222 1557 nuperrime
1245 1512 1445 1551 institutum,
1466 1522 1508 1546 ac
1524 1512 1673 1547 dotatum

212 1570 440 1608 munificentia
456 1569 626 1615 singulari,
650 1580 812 1604 concessa
825 1569 899 1608 sibi,
924 1570 1058 1614 suisque
1080 1579 1120 1604 eo
1142 1569 1175 1604 in
1193 1569 1406 1605 contubernio
1427 1569 1670 1605 successoribus

213 1636 327 1673 poetas
350 1628 505 1663 laureandi
527 1628 695 1663 facultate.
745 1628 896 1662 Excusat
920 1632 1053 1671 postea,
1088 1637 1127 1661 ac
1150 1627 1234 1661 tueri
1258 1627 1392 1667 nititur,
1428 1632 1500 1660 tum
1525 1627 1672 1662 adductis

211 1687 247 1721 in
267 1685 415 1721 medium
437 1685 643 1726 ratiunculis,
668 1692 741 1720 tum
765 1684 919 1729 exemplo
938 1683 1127 1725 Romnae,
1156 1684 1260 1719 immo
1283 1684 1483 1719 auctoritate
1506 1695 1672 1721 sacrarum

212 1743 416 1779 litterarum,
450 1754 549 1777 suum
579 1744 621 1776 de
651 1743 818 1776 amoribus
846 1743 1011 1776 scribendi
1039 1742 1244 1775 institutum.
1298 1741 1432 1779 Subdit,
1463 1751 1566 1785 pauca
1596 1754 1671 1777 esse

211 1799 354 1836 lasciva,
391 1808 477 1842 quae
507 1798 707 1831 inseruisset.
772 1798 965 1838 Pollicetur,
1002 1799 1246 1835 adolescentes,
1283 1797 1339 1840 qui
1369 1807 1407 1830 ea
1442 1798 1482 1832 de
1504 1799 1671 1835 amoribus

213 1857 362 1901 legerint,
385 1862 437 1891 tot
461 1855 630 1900 tantisque
651 1855 757 1894 malis,
782 1865 865 1899 quae
884 1856 1069 1892 indomitus
1092 1854 1189 1889 ardor
1212 1862 1372 1898 procreat,
1395 1856 1590 1892 deterritum
1609 1851 1671 1899 iri}

216 1914 367 1957 foreque,
393 1920 431 1947 ut
450 1913 589 1947 meliora
614 1913 740 1952 edocti,
765 1915 885 1948 rectius
968 1915 1180 1954 iantn'seque
1206 1912 1290 1946 intra
1315 1914 1554 1958 temperantiae
1575 1913 1671 1953 fines,

215 1975 255 2005 ut
277 1980 334 2014 par
358 1976 418 2006 est,
444 1969 632 2014 diligentius
656 1969 857 2004 contineant.
905 1970 945 2004 Inv
968 1969 1033 2004 fine
1056 1968 1190 2002 demum
1215 1968 1353 2010 indicat,
1384 1970 1470 2005 hanc
1494 1969 1672 2017 praefatio-

215 2037 293 2061 nem
316 2038 336 2059 a
354 2037 392 2058 se
410 2026 565 2070 scriptam
581 2038 667 2066 esse,
691 2033 851 2071 tanquam
867 2025 1070 2070 panegyrici
1091 2026 1131 2059 de
1148 2027 1297 2062 laudibus
1312 2027 1525 2062 Maximiliani
1541 2028 1671 2071 primam

216 2089 364 2127 partcm;
389 2081 541 2117 secundam
563 2084 633 2120 suis
648 2084 740 2125 Odis,
763 2085 879 2120 tertiam
898 2082 1145 2127 epigrammatis
1168 2094 1189 2119 a
1204 2094 1241 2120 se
1263 2084 1465 2128 publicandis
1490 2083 1671 2128 praefigen-
