1832 2463
621 168 863 195 serranum-
875 164 1098 197 sonamus*
1115 167 1198 195 erc.
1584 162 1630 198 67

188 252 291 295 basis
311 249 394 289 nihil
407 249 600 298 legendum,
623 249 774 298 nihilque
795 250 995 289 imitandum
1019 260 1095 287 esse
1116 251 1316 291 statuerunt,
1342 247 1410 288 nisi
1434 249 1524 296 quod
1545 253 1632 297 apud

187 315 335 352 veteres,
366 310 584 356 probatosque
610 303 760 347 auctores
782 321 866 356 pure
875 315 1020 352 ,221terse,
1051 314 1231 365 ornateque
1259 309 1388 350 dictum
1420 309 1631 355 reperiretur,

187 369 230 405 ab
251 367 327 404 aliis
356 373 468 403 autem
499 367 652 405 omnibus
684 368 776 404 velut
801 379 822 403 a
843 368 1056 413 contagione,
1091 374 1192 413 atque
1220 367 1349 403 letifera
1377 367 1435 404 lue
1462 368 1632 403 abstinen-

186 426 268 462 dum
289 435 364 461 esse
384 425 459 462 rati.
505 426 643 466 Poesin,
665 424 813 460 divinam
833 425 924 460 illam
946 431 1070 466 artem,
1082 426 1178 470 *quae
1199 424 1241 461 ad
1263 425 1298 461 id
1318 424 1480 471 temporis
1502 425 1631 462 incom-

187 489 280 528 perta
301 483 372 519 fere
394 482 501 519 fuerat
536 482 623 527 apud
645 482 849 523 Germanos,
873 482 1071 518 induxerunt
1092 483 1128 518 in
1152 482 1347 528 gymnasia·
1380 482 1531 527 artisque
1555 494 1633 519 ora-

186 540 292 576 toriae
334 539 562 576 institutiones
614 539 752 575 haustas
789 550 833 575 ex
862 539 1006 585 limpidis
1034 540 1238 585 optimorum
1269 540 1440 576 rhetorum
1469 539 1628 581 fontibus,

184 598 357 644 propinare
379 597 549 633 studiosae
568 596 735 646 juventuti
756 596 987 633 allaboramnt.
1033 597 1200 638 Quoniam
1223 608 1301 634 vero
1322 602 1418 643 poeta
1441 603 1500 635 aut
1519 604 1630 634 orator

184 655 317 690 infantis
350 655 386 689 in
405 664 534 689 morem
564 654 722 694 balbutit,
758 654 825 689 nisi
839 654 1020 697 ,solidioris
1050 654 1280 705 philosophiae
1314 654 1495 700 praeceptis
1526 655 1628 693 fuerit

183 712 286 757 probe
308 711 484 752 imbutus,
507 716 546 746 ut
574 711 687 746 missis
718 711 868 748 inanibus
897 711 1007 753 tricis,
1037 708 1155 748 melior
1186 711 1438 758 philosophandi
1468 711 1552 747 ratio
1582 712 1628 748 ad

183 767 330 809 mentem
352 769 487 805 Platonis
508 769 718 815 potissimum
741 769 974 810 effloresceret,
1008 766 1080 805 toto
1102 776 1235 815 pectore
1256 770 1485 806 incubuerunt.

275 852 478 896 Quanquam
501 860 581 885 vero
606 849 770 885 sodalium
791 850 1030 885 litterariorum
1060 849 1173 885 studia
1194 850 1316 886 diversi
1338 851 1468 894 generis
1492 848 1629 891 fuerint,

182 906 218 942 in
239 918 282 941 eo
310 912 424 942 tamen
447 907 697 951 conspirabant,
728 907 818 950 quod
843 906 988 940 eundem
1011 905 1073 941 sibi
1103 917 1220 941 omnes
1245 906 1421 942 habuerint
1446 907 1631 951 praefixum

184 973 342 1008 scopum,
374 962 640 998 emendationem
664 962 817 998 videlicet
848 961 972 996 artium
1005 966 1041 996 et
1070 961 1297 998 scientiarum.
1350 962 1419 999 Alii
1449 962 1634 1009 disciplinis

180 1019 429 1058 mathematicis
452 1018 676 1064 applicuerunt
695 1019 859 1059 animum,
882 1019 1004 1054 dabant
1027 1029 1162 1064 operam
1185 1020 1386 1064 geometriae
1408 1021 1629 1065 potissimum,

181 1072 282 1121 atq'ue
311 1076 552 1117 astronomiae,
585 1076 629 1111 ad
658 1077 796 1113 ductum
816 1075 973 1117 Euclidis‚
1008 1082 1044 1112 et
1076 1074 1198 1111 Claudii
1218 1076 1386 1119 Ptolemaei.
1443 1077 1633 1113 Tentabant

130 1174 133 1176 μ
183 1134 311 1170 tabulas
336 1133 518 1179 peculiares
540 1132 734 1171 fluviorum,
756 1134 941 1171 montium,
965 1133 1236 1176 singularumque
1256 1135 1430 1177 regionum
1453 1135 1628 1168 delineare.

180 1189 274 1225 Varii
294 1190 426 1234 generis
450 1199 537 1224 nova
559 1183 779 1223 instrumenta
803 1187 1019 1223 inveniebant
1040 1187 1123 1232 ipsi,
1144 1188 1365 1233 manibusque
1388 1189 1459 1224 suis
1482 1190 1629 1226 elabora-

179 1246 260 1282 bant
272 1257 284 1290 ;
328 1239 557 1291 habebantque
595 1256 707 1280 curam
750 1244 1004 1281 accuratiorem‘
1026 1245 1063 1279 in
1094 1245 1300 1281 observando
1334 1246 1484 1282 siderum
1516 1257 1627 1282 cursu.

180 1304 276 1339 Unde
296 1303 431 1344 factum,
455 1309 495 1338 ut
514 1302 681 1345 Germani,
705 1302 911 1341 Viennenses
932 1302 1151 1346 potissimum,
1176 1302 1211 1337 in
1233 1314 1275 1337 eo
1297 1304 1482 1340 studiorum
1504 1313 1629 1348 genere

180 1358 293 1403 Italis,
315 1360 455 1406 aliisque
477 1359 665 1396 nationibus
690 1360 925 1406 praevalerent.

273 1440 341 1477 Alii
373 1441 416 1476 ad
439 1441 585 1476 studium
598 1466 607 1481 ‚
640 1445 675 1475 et
704 1440 931 1485 cognitionem
946 1440 1190 1485 *antiquitatum
1225 1450 1263 1474 se
1285 1444 1373 1475 totos
1409 1441 1630 1476 contulerunt.

134 1532 138 1534 .
181 1499 407 1544 peragrabant
429 1509 564 1534 omnem
587 1498 654 1534 late
675 1498 862 1544 regionem,
889 1504 928 1534 ut
947 1498 1033 1544 'quid
1054 1497 1309 1542 investigarent,
1337 1498 1427 1542 quod
1452 1497 1537 1534 votis
1559 1498 1632 1533 suis

181 1557 402 1599 responderet.
460 1556 607 1591 Adibant
640 1566 681 1590 ac
709 1557 911 1600 superabant
939 1560 1087 1595 montes,
1118 1555 1303 1589 lustrabant
1325 1554 1446 1593 valles,
1476 1554 1630 1589 excussis

180 1611 372 1656 aggeribus,
396 1612 552 1648 tumulis
576 1613 692 1652 bustis,
715 1622 755 1648 ac
774 1612 940 1649 cineribus
954 1612 1195 1648 defunctorum,
1220 1617 1260 1646 ut
1277 1610 1474 1651 invenirent,
1496 1611 1629 1664 collige

181 1671 319 1711 rentque
342 1666 474 1706 hastas,
486 1678 613 1705 enses,
637 1670 719 1708 tela,
744 1670 901 1708 annulos,
924 1674 1099 1706 nummos,
1121 1668 1274 1711 aliasque
1294 1667 1451 1716 reliquias
1472 1673 1627 1715 veterum

183 1725 254 1761 sive
276 1724 539 1764 Germanorum,
570 1723 641 1758 sive
662 1722 911 1759 Romanorum
941 1723 999 1768 qui
1017 1722 1090 1757 illas
1112 1728 1230 1759 terras
1240 1723 1415 1768 aliquando
1438 1726 1629 1761 tenuerunt.

180 1782 417 1818 Scrutabantur
439 1781 580 1826 lapides,
611 1791 697 1826 quos
719 1781 931 1817 barbarorum
955 1780 1176 1821 incursiones,
1204 1787 1262 1815 aut
1285 1786 1473 1826 temporum
1497 1782 1628 1826 longin-

180 1839 298 1884 qustas.
323 1836 506 1884 injuriaque
529 1838 759 1884 indigenarum
779 1838 923 1874 intactos
940 1838 1155 1884 reliquerunt,
1181 1844 1219 1873 ut
1238 1838 1469 1883 inscriptiones
1486 1845 1627 1880 veteres,

181 1902 238 1932 aut
261 1900 377 1938 notatu
399 1896 534 1939 dignam
557 1895 698 1941 figuram
720 1896 909 1941 quampiam
933 1896 1138 1947 invenirent,
1161 1906 1247 1940 quae
1270 1896 1314 1930 ad
1337 1895 1548 1932 illustrandas
1569 1894 1627 1934 res

135 1990 146 1994 ,
180 1953 302 2000 patrias
326 1953 435 1998 aliqua
462 1953 588 1988 ratione
611 1952 776 2019 videretur
802 1953 975 1999 pertinere.

281 2036 328 2072 Ut
361 2036 408 2070 rei
440 2014 615 2071 litterariae
649 2034 685 2070 in
714 2035 889 2071 Germania
917 2046 1033 2070 cursus
1065 2033 1287 2079 procederet
1297 2031 1452 2075 felicius,
1487 2035 1629 2074 aliorum

182 2093 375 2145 vigihverat
405 2104 503 2137 cura,
538 2093 596 2139 qui
615 2103 668 2129 ‘ex
696 2093 921 2131 bibliothecis
954 2093 1145 2134 tabulariis,
1175 2091 1379 2137 abditisque
1393 2092 1627 2131 coenobiorum

1336 2149 1407 2180 10*
