1832 2463
719 144 840 171 ortu
864 117 1097 171 noswirmt.
1593 139 1658 181 917

189 225 302 264 autem
324 225 495 263 Roswitfiae
516 229 643 273 spectat
663 225 852 270 sinistram
878 231 917 262 ut
937 226 979 271 de
999 223 1135 264 ceteris.
1166 223 1201 260 in
1224 223 1342 267 quibus
1367 223 1641 264 animadvertitur

163 315 168 328 ,
187 284 351 331 quaedam
372 284 572 325 differentia,
606 289 744 319 tacaem.

278 360 452 396 Perraram
466 359 541 396 esse
562 359 651 395 hanc
662 360 794 405 primam
813 369 951 406 operum
965 353 1137 394 Romithae
1157 355 1347 397 editionem,
1371 356 1407 392 in
1422 356 1577 394 confesso
1591 365 1644 397 est

187 418 274 464 apud
287 427 414 458 omnes,
433 427 545 451 rerum
558 416 789 461 intelligentes.
837 416 1027 451 Editionem
1040 414 1162 448 atteram
1175 412 1243 448 luci
1257 415 1409 458 exposuit
1422 413 1646 464 thtmbergaf

185 488 239 512 an.
255 486 343 523 1707
365 475 401 510 in
414 485 451 518 4.
472 472 618 509 Hernicus
628 472 722 509 Leon.
736 471 969 516 &hurzfleiscm
989 482 1091 518 quam
1106 481 1184 505 cum
1198 469 1341 506 necdum
1354 471 1493 509 viderim
1502 499 1512 515 ,
1536 485 1643 520 penes

185 545 241 569 me
263 545 331 568 non
354 536 424 570 est,
441 525 497 564 xde
520 530 579 564 illa
602 530 782 576 quidquam
805 531 936 565 addere.
1546 524 1548 526 ’

280 622 514 667 Epigrammata
536 621 721 658 sodalitatis
742 621 938 658 litterariae.
972 621 1014 656 de
1036 619 1155 665 quibus
1190 628 1290 663 supra
1312 621 1458 665 egimus,
1491 625 1644 670 repetitis

183 680 276 726 typis
297 678 475 723 publicavit
489 678 635 723 Zapfius:
660 679 864 724 inseruitque
886 679 976 714 vitae
998 675 1139 724 Joannis
1152 674 1320 721 Dalburgii
1340 689 1392 713 an.
1412 680 1511 715 1796.

275 770 491 815 stnegyricum
515 770 557 805 de
578 771 682 815 gestis
701 770 841 807 Othonum
864 770 1044 806 intulerunt
1062 767 1211 805 Reuberw
1233 775 1269 806 et
1283 767 1462 806 Jmibomius
1484 772 1555 808 suis
1569 774 1642 810 col-

185 827 380 863 lectionibus
409 826 609 871 scriptorum
639 838 751 863 rerum
773 828 1052 863 Germanicarum.
1107 827 1260 862 Occurrit
1289 828 1409 871 pariter
1439 831 1528 872 ,apud
1552 829 1644 865 Leib-

184 886 287 921 uitium
317 884 402 919 inter
431 884 607 929 scriptores
637 894 751 920 rerum
773 883 1061 924 answicmsium,
1095 893 1163 918 una
1196 894 1273 919 cum
1302 883 1448 929 ejusdem
1470 884 1641 925 Romitlzae

183 942 330 978 carmine
351 942 417 976 alio
442 942 485 976 de
503 940 677 986 primordiis
698 941 820 978 cambii
845 939 1140 976 Gandersheimmsis.

649 1154 979 1199 CAPUT
1041 1153 1158 1202 XV.

432 1247 1401 1315 L'UDUS·D1ANAE,

572 1356 625 1382 IN
667 1353 860 1382 MODUM
905 1352 1246 1379 coMoEDIAE.

489 1437 735 1460 nominantem:
755 1430 834 1461 1501.
872 1436 942 1457 ποι.
961 1427 987 1458 6.
1012 1431 1039 1457 in
1057 1427 1084 1458 4.
1120 1437 1217 1460 cue-n.
1236 1437 1338 1459 ‹zo-ru.

708 1525 1100 1539 ooooooooooooooooooooo

276 1615 405 1651 Titulus
427 1617 496 1652 ludi
519 1617 617 1663 hujus
641 1618 763 1654 scenici
785 1618 930 1668 integer.
967 1617 1055 1652 unde
1074 1616 1238 1662 pluribus,
1274 1626 1359 1660 quae
1389 1615 1458 1651 huc
1482 1617 1637 1662 attinent,

183 1674 296 1710 lumen
318 1673 426 1718 majus
450 1673 587 1713 accedit,
607 1674 707 1709 habet
726 1685 764 1707 se
787 1675 875 1708 hunc
897 1673 932 1706 in
954 1674 1112 1709 modum:
1131 1674 1275 1713 „Ludus
1290 1673 1417 1708 Dianae
1439 1675 1475 1709 in
1499 1677 1639 1713 modum

182 1730 399 1773 „comoediae
424 1740 536 1767 coram
557 1729 775 1766 Maximitiano
798 1729 1029 1764 Romanorum
1051 1729 1147 1774 Rege
1168 1730 1325 1765 Kalendis
1339 1731 1471 1766 Martiis
1494 1739 1529 1768 et
1551 1734 1640 1769 ludis

182 1786 418 1830 „Saturnalibus
439 1789 474 1824 in
491 1800 565 1825 arce
582 1788 731 1824 Linsiana
744 1785 880 1823 Danubii
901 1792 1017 1823 actus:
1055 1788 1321 1824 clementissimo
1335 1787 1426 1834 Rege,
1450 1798 1485 1825 et
1500 1791 1639 1836 Regina,

187 1845 418 1890 „ducibusque
449 1846 628 1883 illustribus
654 1845 834 1885 Mediolani,
868 1850 1003 1890 totaque
1028 1845 1134 1890 Regia
1157 1847 1256 1881 Curia
1284 1847 1542 1891 spectatoribus:
1581 1860 1641 1894 pet

184 1903 333 1946 „Petrum
344 1902 518 1945 Bonomum,
536 1905 678 1950 Regium
692 1903 948 1942 Cancellarium,
972 1901 1094 1951 ffoseph
1109 1901 1314 1946 Gmnprkium,
1332 1903 1476 1947 Regium
1486 1906 1644 1943 Secreta-

184 1986 207 2004 „
216 1963 314 2002 rium,
340 1959 468 1997 Conra
475 1961 557 1997 dum
575 1962 726 2004 Celten,
743 1963 882 2008 Regium
896 1962 1049 2002 Pomm,
1077 1960 1227 1997 Ulsenium
1240 1961 1429 2007 Phrysium,
1455 1962 1645 2001 Vincentium

183 2018 398 2066 ‚,Iouginum‚
426 2020 460 2054 in
483 2020 548 2055 hoc
572 2020 664 2055 Ludo
687 2021 798 2055 laurea
820 2021 994 2059 donatum,
1026 2018 1165 2053 feliciter
1194 2027 1227 2059 et
1245 2019 1487 2064 jucundissime
1511 2033 1646 2067 reprae-

186 2078 399 2119 „senonisfl
445 2078 541 2115 Haec
561 2078 694 2125 quidem
716 2077 885 2124 inscriptio
908 2078 955 2114 ita
977 2077 1146 2123 disposita,
1171 2083 1273 2125 atque
1294 2077 1413 2115 diffusa
1436 2090 1494 2126 per
1515 2090 1647 2124 versus,

296 2159 304 2162 r
834 2137 838 2142 ’
1359 2137 1429 2182 13*
