1832 2463
740 227 846 253 unm
872 226 1042 254 Amorum.
1100 226 1109 232 ·
1551 221 1612 256 107

269 311 347 348 icon
374 297 498 356 quarta,
539 319 622 355 quae
653 310 804 355 proxime
832 307 1020 352 adjungitur
1047 307 1249 353 Philosophiae
1280 309 1382 344 refert
1410 308 1629 347 scribentem.
1686 350 1689 354 ,

180 367 298 409 cetum,
321 374 455 404 caterva
469 368 628 407 Deorum,
651 367 861 410 Dearumque
884 365 1026 410 undique
1049 366 1202 407 cinctum,
1229 378 1268 402 ac
1287 378 1364 412 prae
1378 378 1416 402 se
1431 367 1612 404 habentem

178 435 277 470 opera
304 424 443 470 Virgilii,
469 423 590 464 Ovidii,
615 421 800 471 Juvenalis,
823 422 961 459 Horatii,
983 423 1096 464 Persii,
1120 422 1233 461 Statin-
1271 425 1453 460 accubante
1475 426 1518 460 ad
1538 426 1611 461 heri

177 482 277 526 pedes
300 480 428 517 Lachne.
475 480 625 516 Castalio
648 480 824 514 Musarum
847 480 927 514 sonti
950 480 1190 525 supereminent
1212 479 1337 515 Celtis
1357 492 1457 522 arma,
1488 483 1611 527 quibus

177 538 498 582 exhibetur‘duplex
519 530 630 571 littera
652 536 688 575 P,
711 542 773 570 aut
789 536 825 570 -si
844 536 959 575 mavis,
984 537 1084 571 etiam
1099 537 1127 571 C
1134 548 1143 579 ;
1167 548 1233 574 una
1248 548 1324 573 cum
1339 538 1443 574 tribus
1457 540 1607 575 stellulis.

178 594 266 629 Orae
290 592 439 630 inferiori
463 592 617 638 imaginis
648 592 712 627 hoc
735 598 787 627 est
810 592 974 637 adjectum
997 593 1183 632 distichon:

430 665 528 700 Hanc
551 664 680 699 laurum
704 663 856 699 dedimus
879 663 1032 699 Conrado
1055 663 1197 708 insignia
1219 670 1342 707 vatum,

496 722 634 763 Caesar,
668 727 708 757 ut
728 722 877 757 Heroum
898 721 995 757 fortia
1022 720 1112 756 facta
1135 727 1242 757 ωηατ.

251 802 355 849 ,Ηος
370 780 459 837 idem
480 802 680 844 distichum,
715 814 781 838 una
804 813 880 839 cum
903 802 985 843 alio,
1017 801 1193 847 repetitum
1214 802 1336 847 legitur
1360 803 1395 839 in
1418 792 1620 849 Rhapsodias

176 860 217 895 de
240 870 304 904 qua
328 859 426 904 paulo
447 866 523 904 post
545 860 607 895 erit
630 870 748 895 sermo.

268 951 385 994 Imago
401 951 510 993 quinta,
536 955 571 984 et
586 960 671 994 quae
690 950 780 984 hanc
795 953 977 995 sequuntur
999 953 1068 984 tres
1076 949 1173 989 aliae,
1198 950 1361 994 praefixae
1373 957 1451 987 sunt
1466 957 1608 996 quatuor

174 1007 336 1044 Amorum
357 1007 471 1042 libris:
497 1006 753 1052 praeferuntque
777 1016 827 1048 ea,
855 1016 940 1051 quae
959 1006 1162 1041 convenient
1186 1014 1391 1052 argumento.
1416 1015 1476 1043 aut
1498 1009 1608 1048 rebus,

175 1065 211 1099 in
227 1065 346 1110 quibus
370 1064 449 1099 dicti
461 1064 537 1099 iibri
562 1070 742 1101 versantur.
797 1062 933 1107 Effigies
944 1069 1060 1099 autem
1078 1062 1202 1098 Celtis
1225 1065 1259 1099 in
1276 1065 1367 1101 nulla
1386 1066 1593 1101 desideratur
1599 1075 1611 1107 ;

175 1122 229 1156 vel
259 1122 347 1156 enim
378 1122 496 1156 ludens
527 1122 677 1156 cithara,
724 1125 784 1155 aut
813 1120 934 1154 librum
964 1130 1043 1164 prae
1073 1126 1112 1153 ‘se
1143 1126 1260 1155 tenens
1298 1122 1516 1167 conspicitur3
1551 1126 1609 1158 aut

176 1178 304 1213 habens
324 1188 345 1211 a
370 1177 473 1212 latere
494 1176 673 1222 sepulchrum
695 1176 803 1211 Drusi.
1089 1168 1092 1171 ¹
1304 1169 1306 1171 '

267 1256 594 1302 Quae-descriptioni
612 1254 825 1301 Norimbergae
844 1255 977 1301 praevia
992 1259 1046 1290 est
1068 1254 1192 1300 effigies
1215 1267 1302 1297 nona,
1327 1262 1453 1293 ceteras
1475 1257 1606 1302 magui-

173 1315 290 1351 tudine
302 1321 435 1359 superat
450 1314 610 1348 exhibens
626 1314 817 1358 conspectui
834 1318 952 1353 turres
977 1313 1118 1353 moenia,
1138 1314 1236 1348 aedes
1253 1314 1417 1358 publicas3
1440 1316 1605 1359 privatas-

172 1383 236 1417 que
259 1371 379 1408 civium
402 1382 468 1406 una
488 1381 566 1406 cum
590 1371 678 1406 urbis
702 1370 845 1406 Noricae
867 1370 1050 1414 insignibus
1057 1380 1067 1412 ;
1101 1369 1230 1414 adjecto
1252 1371 1294 1405 ad
1319 1371 1477 1407 lectorem
1507 1371 1606 1415 elegi-

173 1430 244 1470 dio,
269 1428 356 1474 quod
378 1428 481 1464 etiam
506 1426 674 1462 Celticis
696 1427 947 1474 epigrammatis
972 1428 1136 1464 insertum
1159 1427 1289 1472 legitur.

264 1534 408 1573 Decima,
432 1544 517 1578 quae
541 1535 706 1579 hymnum
728 1533 796 1568 divi
810 1531 931 1568 sebaldi
952 1534 1134 1579 praecedit,
1156 1532 1365 1568 eremicolam
1389 1532 1504 1572 refert,
1529 1542 1604 1576 pro-

171 1591 276 1629 missa
299 1591 397 1625 barba
409 1601 420 1633 ς
457 1590 513 1634 qui
538 1590 672 1625 sinistra
695 1601 798 1625 manu
822 1589 942 1626 baculo
964 1590 1079 1627 nititur
1091 1602 1102 1635 ;
1140 1591 1274 1626 dextera
1296 1594 1410 1626 autem
1433 1595 1605 1625 sustentat

95 1652 99 1657 ’
171 1647 361 1687 ecclesiam,
395 1646 449 1680 cui
471 1648 718 1691 supereminent
737 1647 891 1691 geminae
913 1654 1029 1683 turres,

267 1747 428 1786 Undecima
450 1749 583 1785 tandem
611 1750 686 1785 icon
716 1759 800 1794 opus
823 1735 973 1792 claudits
991 1754 1282 1795 repraesentatque
1306 1748 1472 1795 Daphnen,
1503 1760 1603 1794 quam

171 1819 249 1845 cum
271 1813 527 1853 persequeretur
546 1806 673 1854 Apollo,
704 1806 837 1852 fugiens
855 1817 1019 1863 conversa
1042 1813 1095 1843 est
1117 1807 1153 1844 in
1174 1809 1313 1844 laurum.

264 1920 347 1959 XII.
394 1922 516 1959 Restat
537 1924 647 1970 operis
670 1923 818 1960 clausula
825 1934 835 1968 3
855 1920 1007 1959 ‘AEsotnaa
1028 1930 1095 1959 sunt
1116 1923 1184 1961 hacc
1208 1922 1243 1958 C.
1263 1922 1299 1960 C.
1323 1933 1410 1968 opera
1433 1922 1464 1957 in
1486 1921 1605 1958 Vienna

169 1980 315 2016 domicilio
343 1979 437 2015 Max.
461 1979 595 2024 Augum·
620 1980 705 2014 Caes.
736 1980 828 2016 Anno
857 1981 909 2017 M.
933 1980 978 2017 D.
1016 1982 1085 2016 novi
1105 1980 1192 2014 seculi
1216 1979 1264 2015 II.
1331 1979 1481 2024 Impressa
1510 1986 1606 2014 autem

168 2035 381 2083 Norimbergae
408 2035 499 2082 ejusd.
523 2024 595 2071 linui
616 2035 716 2071 Nonis
737 2036 905 2083 Aprilibus.
964 2036 1026 2074 Sub
1046 2037 1200 2083 privilegio
1228 2035 1394 2072 sodalitatis
1419 2035 1605 2078 Celticae,

168 2105 257 2139 nuper
277 2107 307 2133 a,
320 2093 428 2131 Senatu
450 2093 602 2140 Imperial}
624 2095 784 2139 impetrato,
805 2102 839 2130 ut
858 2096 952 2132 nauus
970 2094 1038 2131 haec
1059 2096 1091 2130 in
1110 2093 1204 2129 decem
1226 2096 1312 2130 annis
1336 2097 1369 2131 in
1386 2096 1502 2142 imperii
1523 2093 1606 2130 urbi-

169 2148 223 2186 bus
244 2153 404 2198 imprimat.
452 2152 570 2191 Verbis
592 2151 667 2189 istis
691 2151 901 2199 subjungitur
922 2153 1064 2198 insigne,
1085 2153 1233 2191 referens
1256 2159 1327 2191 tres
1341 2153 1453 2196 colles,
1473 2154 1509 2191 in
1523 2163 1607 2198 quo-

1339 2211 1410 2256 15¹⁶.
