1832 2463
198 126 242 160 ⁸2
742 128 812 156 mn.
835 127 879 153 11.
919 127 999 154 cn,
1020 129 1101 156 xxv.

191 216 374 255 volumina.
421 213 577 251 Haurimm
602 210 671 245 vita
691 209 844 244 functum
865 218 941 244 esse
963 214 1042 252 ante
1064 209 1315 254 annum¹1506,
1339 223 1382 249 ex
1399 215 1514 256 eadem
1532 212 1644 251 Trium.

194 277 295 311 mium
317 272 451 319 epistola
473 267 673 312 intelligitur.
721 267 826 303 Nobis
850 273 1035 312 suppetunt
1056 266 1181 301 Hem-ici
1193 265 1368 307 Bunaviam'
1387 270 1646 315 epistolae'duae

194 344 277 369 msc.
294 327 465 365 Wormatia
487 326 586 361 datae
609 325 654 360 ad
668 323 809 359 Celtem
831 336 886 361 an.
904 324 990 361 1495
1011 331 1046 359 et
1065 325 1162 361 1496.
1210 325 1310 361 Petiit
1327 326 1531 363 Graecorum
1553 328 1649 364 insti-

195 390 336 424 tutiones
355 382 605 442 grammffitaz
629 386 664 417 et
685 382 813 419 libellos
837 372 919 418 a'lios
942 382 1172 418 mathematici
1195 382 1394 427 argumenti.

441 485 722 512 Ronotvxos
748 487 796 511 Dr.
820 487 981 512 srnxn:
1009 475 1087 511 allas
1111 486 1370 512 EYTELWOLEF.

392 547 468 581 Hac
491 546 724 583 deGermana
747 546 826 591 quid
849 547 969 588 Graie,
1002 547 1082 592 quid
1101 546 1181 582 Itale
1204 546 1336 582 sentis?

624 603 632 611 '
660 613 701 639 us
724 614 764 639 ac
786 611 916 641 vestrae
939 605 1037 641 verba
1061 603 1181 640 Latina
1203 604 1303 640 canit.

277 671 446 719 Hololycus'
463 674 499 710 de
512 674 597 710 Stem
619 673 666 719 (a
679 673 812 718 lapide)
836 675 917 709 alias
936 673 1143 725 Eitetwolffias
1165 675 1366 718 appellatus,
1391 679 1483 709 ortus
1507 685 1526 709 e
1549 674 1649 710 nobili

188 733 272 779 apud
295 733 426 781 Sueyos
451 731 579 772 familia
599 728 773 771 Samiam,
809 740 896 776 quae
918 730 1029 766 adhuc
1052 730 1159 775 viget,
1189 729 1277 765 inter
1301 730 1486 767 Germanos
1509 731 1650 776 equites,

189 791 233 825 ad
255 790 483 826 debellandam
505 788 707 829 barbariem,
746 789 872 833 primos
904 788 1042 825 duxisse
1066 788 1199 824 ordines
1227 787 1426 833 perhibetur.
1480 787 1561 831 Ejus
1581 788 1651 822 bio-

189 846 363 891 graphiam
391 845 493 880 refert
515 844 653 882 Adamw
686 845 723 879 in
745 844 823 879 vitis
855 845 1176 890 Jureconsultorum.
1248 844 1356 879 Multa
1387 844 1509 889 pariter
1542 844 1583 879 de
1610 854 1651 878 eo

192 904 340 939 invenire
371 909 423 938 est
450 902 543 948 apud
566 900 809 941 Burckhardum,
844 907 917 936 tum
946 901 982 939 in
1003 907 1182 937 comment.
1214 902 1256 937 de
1279 901 1349 937 vita
1385 899 1492 936 Udatr.
1516 900 1673 936 Huttenii-

192 966 266 995 turn
281 958 372 995 P.11,
396 960 437 994 de
460 958 540 994 satis
563 960 601 994 L.
617 959 654 993 L.
703 959 775 994 Nos
798 970 901 994 unum
924 959 1086 994 duntaxat
1108 958 1336 1004 adjungimus,
1361 959 1451 1003 quod
1473 957 1652 1003 Eitelwolfii

193 1027 316 1052 nornen
347 1017 474 1052 attinet.
542 1015 721 1051 Contendit
751 1015 892 1061 scriptor
920 1027 1107 1062 anonymus
1137 1015 1358 1061 etymologiae
1381 1016 1654 1052 Germanicorum

192 1074 386 1113 nominum,
427 1074 562 1107 nomina
585 1074 717 1118 propria
747 1073 931 1108 desinentia
961 1075 997 1108 in
1019 1073 1089 1118 off,
1120 1073 1191 1118 ulff,
1230 1084 1309 1109 vere
1334 1074 1531 1109 Germanica
1560 1084 1653 1116 esse3

190 1130 278 1174 quod
300 1128 451 1164 adductis
475 1128 635 1173 exemplis
660 1129 824 1169 illustrare
847 1129 978 1164 nititur:
1015 1128 1107 1175 Quod
1122 1128 1223 1169 hodie,
1250 1130 1376 1175 inquit,
1401 1135 1511 1165 exstat
1532 1130 1567 1164 in
1590 1140 1653 1164 usu

190 1185 358 1231 Eitetlziilffi
383 1186 502 1221 vitiose
514 1182 702 1231 Eitelwoff
730 1187 827 1231 quasi
851 1187 999 1222 diceres:
1026 1186 1158 1227 Plenum,
1181 1191 1209 1221 et
1234 1199 1342 1222 merum
1363 1185 1521 1223 auxilium.
1558 1187 1654 1223 Unde

190 1245 522 1288 foreteonsequens,
558 1243 639 1278 illud
662 1254 786 1278 nomen
813 1255 986 1290 perperam
1013 1244 1141 1279 Graece
1172 1244 1265 1279 reddi
1303 1244 1482 1284 ‘ommac-
1530 1245 1655 1280 Confer

199 1299 295 1336 Taciti
313 1299 415 1336 Germ.
439 1301 566 1336 editore
584 1298 723 1335 Fabricio
746 1300 836 1346 Aug.
853 1303 950 1338 Vind.
976 1309 1074 1344 1580.

422 1405 706 1430 BILXBALDUS
733 1359 1058 1454 ΡΙΚΕΚΗΔῙᾼΕΚ,
1090 1407 1433 1433 NORIMBERGENSIS·

515 1468 548 1500 Εἰ
570 1460 701 1508 Σιίπφω
726 1461 835 1506 δεκάτη
859 1457 1010 1515 Move-blm
1032 1467 1093 1503 ἐςὶν
1116 1463 1252 1508 αἶὸὄντων,

608 1518 746 1564 ‘Pio-{313-
769 1520 907 1565 ἑνδεκάτη
930 1524 1031 1561 Μὲσα,
1051 1520 1308 1570 καταγράφεται.

771 1591 908 1630 Ejusdem
925 1593 1072 1622 traductio.

419 1640 459 1675 Si
481 1639 620 1687 Sappho
638 1640 770 1676 decima
791 1648 844 1676 est
866 1642 1041 1676 Musarum
1064 1642 1160 1677 dulce
1181 1647 1376 1677 canentum:

491 1697 648 1738 Rqswitha
668 1698 839 1733 scribenda
862 1703 914 1732 αεὶ
936 1698 1114 1733 undecima
1137 1697 1318 1733 Aonidum.

284 1765 340 1800 Ad
363 1764 459 1802 Bilih.
475 1766 727 1807 Pirckheimemm‚
755 1766 879 1803 Celtis
896 1769 1076 1811 hospitem,
1101 1769 1181 1803 dum
1205 1774 1278 1803 erat
1294 1765 1520 1812 norimbergae,
1544 1767 1654 1803 solum
1710 1798 1718 1802 ,

189 1822 351 1864 addimus,
375 1824 458 1860 duas
481 1825 630 1871 ejusdem
654 1825 810 1870 epistolas
830 1828 871 1862 ad
891 1825 1033 1862 Cenem
1057 1825 1185 1861 servari
1207 1825 1243 1859 in
1263 1826 1334 1861 eod.
1355 1837 1437 1862 msc.
1462 1824 1648 1871 epistolam

190 1881 330 1916 alteram
353 1882 467 1918 referri
488 1882 531 1918 ad
551 1893 677 1920 annum
704 1884 806 1925 1503,
837 1885 974 1921 alteram
999 1884 1044 1923 ad
1066 1893 1191 1919 annum
1217 1882 1314 1920 1504.
1372 1883 1560 1928 Utrumque
1572 1879 1650 1916 *fere

193 1941 303 1971 totum
318 1941 440 1975 versari
463 1941 498 1977 in
513 1941 699 1979 litteratura
714 1942 852 1978 Graeca.
902 1943 985 1989 Agit
1008 1943 1049 1978 de
1062 1941 1259 1983 Philostrato,
1286 1938 1322 1978 et
1339 1939 1502 1987 Apollonio
1522 1938 1556 1975 T
1547 1949 1650 1984 μονα.

195 1993 331 2037 Repetit
351 1994 523 2040 Homerum,
554 2011 655 2045 quem
681 1998 784 2034 Celti
806 2001 1018 2036 commodato
1040 2001 1183 2037 dederat.
1239 1998 1410 2040 Affirmat,
1439 2009 1463 2033 a
1484 2008 1521 2032 se
1544 2005 1652 2040 nuper
1723 1992 1725 1994 “

194 2061 214 2084 e
228 2052 356 2088 Graeco
379 2053 414 2088 in
434 2053 590 2092 Latinum
612 2069 689 2094 esse
712 2069 916 2099 conversum
936 2058 1078 2096 Isaram
1088 2059 1278 2096 Demonicon.
1303 2093 1306 2095 Α
1324 2052 1530 2094 Ρτοωωίῒῐίζ
1551 2051 1651 2089 Celti
