1832 2463
169 133 214 168 86
711 144 783 172 ιιι.
808 140 854 170 n.
898 142 982 171 ear.
1004 143 1091 173 nvi

169 227 289 264 studiis
308 225 548 264 mathematicis
563 232 638 258 esse
653 224 932 265 excultisshnum.
954 225 1113 262 destructo
1130 226 1235 262 fntre
1246 237 1309 265 suo
1332 230 1367 266 in
1378 242 1419 267 eo
1441 233 1627 272 litterarum

171 296 296 330 genere
319 286 407 320 haud
429 282 626 324 niseriorem,
650 281 755 317 immo
778 284 890 324 talem,
913 294 956 319 ex
979 283 1072 329 cuius
1095 287 1350 322 conversatione
1372 287 1514 333 ipsemet
1537 293 1626 329 haud

171 354 290 388 parum
312 343 345 377 in
362 340 477 375 iisdem
498 338 679 385 disciplinis
702 340 877 386 profecerit
900 341 935 376 in
950 341 1084 377 melius.
1129 340 1282 380 Tandem
1305 355 1348 380 ex
1361 342 1483 381 Sebaldi
1496 345 1627 386 C’lamosi

172 400 306 446 epistola
328 398 369 432 ad
386 395 524 431 Celtem
546 407 600 432 an.
621 399 708 431 1503
728 398 891 444 intelligo,
916 398 1087 446 epitaphia
1109 401 1274 446 quaedam
1293 402 1329 438 in
1342 403 1470 440 obitum
1484 402 1628 452 ffmnnis

168 457 309 493 Laterani
338 455 469 501 scripta
504 455 607 498 fuisse
638 469 659 493 a
685 456 789 492 cette
822 464 857 494 et
887 456 1044 495 Trithemio
1056 469 1069 503 ;
1112 470 1199 505 quae
1233 459 1386 506 clamosus
1421 462 1549 499 miserit
1581 464 1624 499 ad

165 513 317 561 ‚Jacobum
338 512 479 561 Joannis
501 514 649 551 defuncti
672 515 820 551 fratrem.

437 632 601 668 JOANNRS
624 632 795 663 sumus,
826 620 1044 657 matszmzaticus
1065 620 1337 670 Jngotstadiemis.

417 693 570 729 Barbara
592 699 709 727 nostra
731 692 810 727 licet
830 692 958 727 dicatur
980 696 1083 739 patria
1108 695 1222 733 tellus,

483 751 615 796 Expers
636 755 672 785 et
686 748 787 794 Graji'
801 749 969 795 dogmatis
992 757 1028 787 et
1051 751 1158 788 Latii:

413 805 578 842 Attamen
601 807 667 843 hoc
689 807 817 842 calamo
841 809 951 853 potuit
975 809 1143 845 Germana
1166 809 1283 855 virago

486 862 662 906 Roswitha,
687 864 778 910 quod
799 864 888 900 Latii
911 865 970 902 vix
995 872 1133 911 potuere
1157 867 1230 902 viri.

255 948 304 982 De
321 943 449 993 ζ,ῗοαηοιε
462 944 567 980 Stabiu
589 945 753 990 quaedam
765 954 880 990 'nuper
894 946 1067 983 attulimus
1074 958 1085 990 ;
1109 947 1166 983 ubi
1188 949 1229 983 de
1244 948 1416 1001 sodalitate
1426 946 1619 982 Danubium.

163 1003 295 1040 Rursus
309 1003 519 1049 percipimus,
543 1003 705 1048 quosdam
723 1014 766 1038 ex
781 1002 835 1043 iis,
858 1003 915 1048 qui
928 1002 1127 1040 Danubianae
1141 1005 1294 1041 societati
1308 1004 1462 1050 adscripti
1475 1005 1618 1047 fuerant,

159 1062 270 1096 socios
293 1060 417 1107 pariter
440 1060 542 1097 fuisse
565 1060 751 1096 sodalitatis
775 1058 944 1096 Rhenanae.

610 1173 817 1198 URBANUS
853 1173 1155 1202 rannusnffus.

425 1236 560 1277 Quanta
582 1233 645 1270 fuit
668 1234 779 1280 Grajis
798 1233 933 1280 Sappho
957 1235 1150 1272 doctissima
1173 1236 1304 1273 Musis:

521 1292 630 1327 Tanta
651 1292 714 1327 fuit
739 1292 843 1327 Latiis
867 1291 1025 1328 Roswitha
1047 1294 1257 1329 carminibus.

250 1387 302 1422 De
331 1384 454 1421 Urbano
475 1384 651 1424 Prebusino,
675 1385 911 1420 litteratoribus
934 1386 1005 1419 fere
1029 1385 1214 1429 incognito,
1242 1387 1363 1426 redde,
1394 1398 1484 1431 quae.
1500 1388 1615 1423 habeo.

158 1446 194 1480 In
211 1443 351 1489 epistola
375 1453 456 1477 msc.
482 1442 523 1476 ad
546 1439 705 1480 Cenem,
729 1452 782 1476 an.
803 1441 891 1477 1494
915 1439 1100 1486 Ingolstadio
1121 1440 1209 1482 data,
1233 1449 1332 1477 vocat
1350 1442 1426 1478 Urb.
1440 1442 1617 1477 Prcbusinus

155 1503 184 1538 C
191 1501 299 1536 eltem
321 1494 570 1547 praeceptorem
592 1509 704 1534 suum.
752 1499 894 1536 Videtur
916 1497 1096 1546 Ingolstadii
1118 1499 1272 1535 docuisse
1294 1499 1513 1545 aliquamdiu:
1538 1501 1616 1546 quia

154 1558 306 1594 meminit
332 1559 367 1592 in
391 1558 508 1592 eadem
532 1556 670 1601 epistola
692 1556 950 1601 discipulorum;
984 1557 1164 1602 petivitque
1186 1568 1207 1591 a
1232 1555 1298 1590 Cel
1303 1563 1358 1597 te,
1391 1559 1615 1593 commendari

152 1615 319 1650 favoribus
345 1612 538 1654 cancellarii,
574 1619 611 1649 ut
634 1613 828 1659 impetraret
849 1614 965 1648 tertiam
989 1619 1049 1649 aut
1071 1618 1206 1657 quartam
1229 1619 1358 1658 partem
1376 1615 1505 1659 praemii
1527 1612 1615 1663 (sti-

153 1673 280 1718 pendii)
309 1670 471 1710 Celtic1·;
494 1673 584 1717 quod
609 1670 737 1706 Celtis
759 1682 847 1705 anno
868 1671 1040 1716 superiore
1065 1671 1280 1706 abdicaverat.
1329 1671 1470 1712 Asserit,
1494 1683 1531 1707 se
1552 1673 1614 1708 ali-

151 1729 282 1774 quando
305 1740 345 1763 ex
362 1728 549 1763 Vratislavia
571 1728 745 1773 scripsisse
769 1729 811 1762 ad
834 1727 997 1770 Celtem,
1035 1734 1109 1763 tum
1135 1727 1297 1763 Cracoviae
1317 1722 1513 1765 morantem.
1559 1730 1613 1765 Ex

152 1787 289 1831 epistola
302 1792 416 1822 autem
430 1784 511 1834 ρᾗτε.
525 1784 687 1820 Dracontii
700 1783 909 1831 fflidelbergae
923 1792 1059 1822 exarata
1077 1786 1120 1820 ad
1135 1784 1276 1819 Cel'tem
1289 1795 1342 1820 an.
1357 1784 1444 1822 1497
1460 1785 1610 1827 edoceor,

152 1844 309 1890 'Libanum
331 1843 525 1881 Prebusinum
557 1848 729 1879 auctorem
758 1843 860 1879 fuisse
891 1843 1051 1880 orationis
1081 1843 1247 1878 adversus
1277 1854 1351 1885 eos,
1387 1844 1446 1889 qui
1474 1845 1610 1882 nomine

154 1908 280 1936 tantum
303 1902 490 1947 philosophi
513 1907 604 1941 sunt,
629 1901 740 1947 palam
763 1901 830 1936 illis
845 1903 958 1938 diebus
980 1901 1139 1937 recitatae
1154 1899 1360 1945 Francofisrth·
1388 1902 1479 1948 cujus
1496 1912 1609 1938 exem-

154 1958 225 2003 plar
246 1958 376 2001 aliquod
396 1959 579 1995 Dracontius
594 1959 755 2005 epistolae
774 1958 934 2005 adjunxit,
956 1969 1037 1994 cum
1060 1959 1208 1997 monito:
1231 1958 1322 2008 Hanc
1334 1959 1425 2005 legas.
1461 1957 1607 2004 offender.

152 2027 225 2060 quae
247 2020 276 2049 te
298 2015 400 2060 legisse
422 2028 476 2052 ηοπ
491 2015 657 2061 poenitebit.
710 2018 809 2055 Plura
840 2019 896 2055 his
924 2018 1116 2063 suggerenti
1144 2018 1187 2055 de
1215 2015 1292 2055 Urb.
1314 2016 1477 2056 hebruino
1505 2025 1606 2059 agam

151 2080 288 2118 gratias.
1595 2076 1599 2083 ¹
