1832 2463
1602 157 1649 189 99

638 272 960 335 CAPUT
1044 290 1205 335 XVL

464 427 755 466 CONRADI
791 425 1024 463 CELTIS
1070 425 1394 477 PROTUCIJ,

248 520 358 547 »ium
386 520 504 546 mum
531 518 733 545 &nummos
759 517 1034 544 lnrzuxromls
1059 518 1220 543 nunnus
1247 520 1387 546 ΡΟΕΤΔΕ
1415 522 1615 557 Latmum,
1653 508 1657 512 ¹

562 613 821 656 QUATUOR
853 614 1004 650 LIBRI
1035 582 1296 651 AMORU'MJ

724 725 966 747 wonmnnffluz
985 717 1065 754 15..
1101 719 1127 748 ⁴.

285 962 502 1008 Praecipuum
525 961 590 997 hoc
614 966 666 997 est
690 960 817 997 Celtis
838 973 939 1008 opus.
968 973 1079 999 rarum
1111 974 1179 998 non
1199 962 1328 1002 minus,
1359 974 1399 999 ac
1428 966 1647 1011 splendidum,

191 1020 428 1065 caesareisque
449 1030 612 1055 excusum
636 1019 843 1071 sumptibus,
881 1032 948 1056 non
971 1021 1117 1064 infolio,
1153 1026 1190 1056 ut
1222 1031 1392 1066 perperam
1420 1025 1539 1060 statuit
1573 1038 1650 1064 cum

194 1076 350 1111 clementio
371 1075 452 1124 <¹Jac.
467 1075 633 1111 Bmckerus
656 1078 690 1111 in
708 1076 835 1124 Celti-s
854 1078 932 1117 vica,
957 1078 1018 1112 sed
1038 1078 1071 1112 in
1088 1082 1165 1121 41¹⁰?
1190 1078 1280 1112 velut
1300 1081 1485 1116 accuratius
1501 1090 1649 1126 spectata

188 1134 304 1173 charta
336 1133 571 1168 animadvertit
616 1133 664 1166 M.
691 1131 834 1166 Dmisias
870 1143 900 1177 p.
924 1142 1013 1176 4²4⁷
1045 1133 1130 1167 Bibl.
1150 1134 1274 1168 Garell.
1310 1144 1377 1178 quo
1405 1137 1522 1172 eodem
1550 1144 1645 1180 teste.

189 1191 343 1225 venditus
373 1190 409 1224 in
439 1189 643 1224 auctionibus
671 1189 826 1233 publicis,
854 1194 913 1224 aut
942 1200 1067 1223 venum
1095 1189 1265 1233 expositus
1290 1196 1342 1224 est
1374 1191 1430 1226 hic
1460 1192 1532 1237 ipse
1563 1195 1644 1232 liber

187 1247 292 1293 pretio
314 1249 358 1279 20
382 1251 485 1291 atque
506 1246 609 1287 etiam
632 1246 677 1278 35
697 1244 904 1282 florenomm.
951 1246 1065 1291 Operis
1090 1245 1207 1283 titulus
1231 1246 1322 1292 ligno
1345 1247 1471 1284 incisus
1497 1252 1643 1296 praefert

188 1305 223 1340 in
244 1304 395 1349 margine
419 1303 563 1339 inferiori
586 1303 688 1338 hosce
715 1303 904 1342 versiculos.

395 1386 485 1422 Cum
507 1391 560 1420 tot
578 1385 648 1430 jam
671 1385 796 1420 nutriat
817 1384 915 1419 tellus
940 1381 1109 1421 Germana
1131 1390 1266 1431 poetas:

458 1442 594 1481 Audent
615 1442 673 1487 qui
694 1442 825 1478 cunctis
849 1452 1006 1488 spargere
1027 1449 1136 1479 metra
1159 1444 1277 1490 plagis.

354 1522 356 1525 .
393 1500 462 1537 Cur
484 1512 547 1545 ego
570 1506 621 1535 ter
641 1499 778 1544 quinum
801 1500 890 1535 tacui
913 1500 971 1544 qui
996 1499 1123 1535 Celtis
1145 1502 1181 1536 in
1204 1501 1360 1536 annum?

457 1557 535 1595 Non
561 1557 670 1595 ausim
693 1562 826 1596 nostros
851 1556 949 1594 edere
971 1556 1008 1594 in
1030 1558 1109 1596 orbe
1130 1557 1255 1596 libros?

774 1661 1038 1696 CONTENTA:

213 1729 250 1774 ι)
275 1728 327 1766 Ad
343 1729 467 1766 Divum
478 1729 726 1766 Maximilianum
740 1713 976 1775 Imperatoreni
991 1729 1144 1772 Praefatio
1162 1733 1196 1765 et
1210 1728 1409 1776 panegyrici
1430 1741 1506 1775 pars
1522 1732 1638 1776 prima.

212 1800 249 1838 2)
276 1797 427 1834 Vincentii
439 1798 573 1845 Longini
584 1799 745 1835 Etmtherii
767 1799 802 1833 in
823 1796 996 1836 Conradi
1020 1797 1141 1833 Celtis
1163 1798 1394 1834 Novenarium·
1412 1800 1542 1845 Lyrica.

212 1866 251 1914 3)
272 1866 364 1903 Libm'
370 1867 434 1904 IV
441 1867 596 1911 Amorum,
614 1869 798 1905 secundum
810 1868 1156 1913 quatuorGermaniae
1166 1869 1285 1911 latera;
1309 1869 1454 1904 versibus
1469 1869 1638 1915 elegiacis.

208 1938 248 1983 4)
277 1935 432 1972 Generalis
454 1935 632 1973 Gemaniae
651 1937 824 1984 descriptio,
853 1930 988 1972 hefieo
1012 1947 1172 1973 versuum
1194 1947 1327 1981 genere.
1368 1919 1371 1924 *

212 2006 252 2053 5)
278 2007 373 2042 Liber
396 2007 437 2041 de
460 2007 603 2056 origine,
640 2007 722 2046 situ,
754 2006 896 2042 moribus
919 2011 1021 2052 atque
1042 2004 1206 2039 institutis
1230 2003 1457 2051 Norimbergae.

210 2075 253 2121 ὁ)
277 2078 329 2114 De
346 2076 415 2114 vita
433 2074 468 2112 S.
481 2073 618 2119 Sebaldi,
641 2074 929 2121 Norimbergensis
942 2074 1086 2112 civitatis
1106 2074 1261 2120 patroni;
1294 2074 1365 2111 Ode
1381 2076 1558 2121 Sapphica.

1267 2133 1338 2177 14*
