1832 2463
164 153 206 188 96
730 160 800 185 us.
828 161 870 186 n.
910 161 988 186 cn.
1013 159 1073 186 xv.

261 245 344 290 Epi
350 253 536 290 gramma,
561 241 650 287 quod
673 240 865 286 adjungitur
886 239 1064 276 Sodalitatis
1086 239 1232 279 nomine,
1257 242 1342 284 petit
1363 245 1445 279 artis
1469 245 1624 290 poeticae,

164 304 412 345 carminumque
435 310 561 334 osores.
609 300 780 335 Converso
803 299 845 333 ad
866 298 1114 334 Maximianum
1137 308 1308 338 sermone,
1339 300 1388 335 sic
1409 302 1543 345 incipit:

415 369 555 414 Perlege
578 370 779 408 Germanas,
810 368 885 403 Rex
909 369 1148 409 invictissime,
1182 370 1319 419 Musas»

486 425 649 470 Auspicio
672 430 828 461 crescunt
853 436 937 471 quae
959 426 1060 461 modo
1083 426 1120 461 in
1142 426 1220 462 orbe
1243 432 1316 462 tuo.

410 477 490 521 Has
512 483 593 518 olidi
616 484 791 528 quamvis,
814 484 957 528 tetrique
979 484 1078 519 odere
1099 484 1228 525 cuculli,

487 541 532 577 Et
556 551 638 586 quos
659 541 843 582 barbaries,
868 540 1042 586 mitraque
1059 541 1128 577 lata
1148 546 1280 587 gravat.

417 598 483 638 Qui
507 609 570 633 nos
591 599 738 634 mordaci
768 599 833 635 διο.
1060 604 1063 606 ·

255 680 350 719 Quae
382 679 425 714 ad
454 685 640 724 postremas
671 680 883 724 complendas
914 679 1052 723 paginas
1082 679 1193 713 addita
1217 683 1271 713 est
1299 676 1363 712 Ode
1380 675 1529 721 Sapphica
1537 701 1550 717 ,
1581 676 1624 709 de

161 737 325 781 corruptis
349 735 468 770 aetatis
485 736 575 770 illius
595 736 760 778 moribus;
784 745 972 780 quanquam
998 745 1077 769 cum
1099 735 1179 769 ludo
1194 736 1327 769 scenico
1349 734 1433 768 nihil
1456 732 1624 767 affinitatis

161 793 304 832 habeat,
335 792 424 829 lectu
446 780 559 828 tame}
583 792 721 829 minime
741 789 879 837 indigna
896 797 967 831 est,
998 792 1190 838 conscripta
1213 798 1347 828 auctore
1369 788 1498 839 ⁴Joamze
1509 788 1623 825 Stablo.

161 849 304 894 Incipit:
1295 847 1299 853 “

488 907 567 947 Quo
590 905 657 941 ruit
679 905 797 941 mundi
819 904 986 949 periturus
1009 905 1089 939 ordo
1097 904 1119 939 *ζ’

488 962 568 999 Non
592 962 691 997 fidem
714 968 851 998 servant
874 963 1038 998 elementa
1061 963 1229 1007 priscam:

491 1019 570 1056 Non
592 1020 698 1062 chaos
720 1025 859 1056 vertunt
889 1020 1013 1055 sociale
1036 1020 1152 1054 foedus

862 1076 999 1113 Semina
1021 1087 1147 1112 rerum.

260 1180 471 1219 Clausala,
502 1190 588 1224 quae
612 1178 710 1225 hujus
734 1178 884 1225 opusculi
907 1179 1037 1225 adjecta
1060 1186 1114 1215 est
1135 1180 1227 1220 calci,
1251 1180 1369 1225 prodit,
1394 1180 1460 1220 ubi,
1484 1181 1627 1225 quando,

162 1250 221 1285 per
241 1249 341 1283 quem
365 1237 567 1281 publicatum
590 1236 635 1271 sit
658 1237 758 1282 typis.
815 1238 865 1272 Ita
892 1248 972 1276 vero
997 1249 1034 1273 se
1056 1237 1176 1273 habet:
1207 1236 1384 1282 Impressum
1403 1236 1622 1282 Nurembergae

162 1296 200 1332 ab
224 1294 404 1340 Hieronymo
419 1293 582 1336 Hoelceffo,
612 1295 674 1329 cive
696 1293 943 1341 Nurembergmi
974 1295 1061 1331 Anno
1085 1305 1245 1331 »ποσοῦ
1275 1300 1303 1330 ει
1327 1296 1425 1342 primo
1446 1295 1516 1329 novi
1537 1295 1625 1330 seculi

161 1352 265 1390 Idibus
288 1353 397 1388 Maiis.
1318 1352 1321 1355 “

258 1431 371 1469 Editio
393 1433 488 1466 altera
512 1430 607 1465 istius
632 1430 731 1466 libelli
759 1431 880 1480 pariter
907 1432 1091 1477 comparuit
1114 1428 1328 1476 Nor-imbergae
1357 1435 1517 1474 sequente
1542 1442 1625 1467 mox

163 1503 260 1531 anno,
286 1491 413 1525 inserta
436 1486 524 1522 libris
538 1486 693 1528 Amorum,
718 1488 846 1527 cultior,
870 1489 1138 1532 emendatior-que
1163 1489 1196 1522 in
1212 1488 1417 1532 quibusdam-
1464 1487 1625 1523 Attamen

161 1554 253 1585 caret
272 1546 349 1581 notis
370 1544 530 1581 musicis.
565 1544 608 1579 ad
623 1554 710 1589 ,quas
739 1545 923 1592 exigendus
946 1551 998 1582 est
1027 1551 1166 1589 cantus;
1202 1550 1293 1581 caret
1314 1554 1449 1591 quoque·
1474 1546 1623 1581 carmine

161 1605 299 1654 Εῗοαηηίῑ
316 1602 427 1644 stabii.

256 1686 404 1721 Primam
429 1684 611 1720 editionem
642 1685 775 1730 copiose
805 1686 969 1721 recensuit
992 1684 1176 1720 Hummelius
1210 1697 1241 1731 p.
1266 1696 1321 1730 27.
1347 1694 1438 1730 seqq.
1475 1684 1578 1721 Tomi
1599 1686 1623 1721 Ι.

163 1744 258 1780 Neue
281 1743 367 1776 Eibl.
390 1743 462 1776 selt.
479 1743 624 1776 Becher.
670 1744 724 1777 An
748 1743 896 1787 opusculi
920 1744 1017 1790 hujus
1042 1750 1156 1778 auctor
1179 1744 1224 1778 sit
1250 1741 1376 1777 Celtis
1389 1769 1397 1782 ,
1432 1744 1467 1778 in
1486 1744 1622 1779 dubium

162 1798 331 1835 revocavit
345 1807 534 1841 anonymus
549 1797 685 1841 quidam
701 1799 892 1835 delitescens
912 1802 973 1836 sub
987 1800 1111 1835 litteris
1125 1799 1194 1834 LX.
1216 1811 1246 1844 p.
1256 1810 1297 1843 31
1309 1813 1337 1835 ι,
1357 1800 1620 1845 Litter.Anzeig.

163 1868 217 1892 an,
244 1854 353 1900 1799,
392 1864 510 1888 mense
534 1852 626 1890 Febr.
638 1865 648 1897 ;
685 1862 796 1897 ratuS,
831 1858 1044 1901 tribuendum
1075 1867 1149 1891 esse
1177 1856 1331 1892 Vincentio
1354 1856 1511 1903 Longino,
1547 1868 1624 1893 cum

163 1916 257 1951 cuius
271 1911 447 1950 versiculis
471 1912 579 1957 magis
595 1924 774 1958 congruere
788 1916 952 1955 videatur,
976 1925 1080 1960 quam
1093 1918 1179 1950 'cum
1198 1913 1321 1950 Celtis
1342 1916 1496 1952 versibus
1516 1925 1620 1950 suave

163 1971 350 2006 fluentibus.
397 1970 469 2005 Nos
492 1980 577 2006 veros
596 1971 787 2017 opinamur,
819 1973 997 2019 abjudicari
1022 1971 1125 2007 Celti
1154 1973 1281 2009 foetum
1311 1974 1399 2010 hunc
1420 1972 1624 2013 litterarium

164 2028 258 2064 nulla
289 2033 389 2062 tenus
417 2037 524 2072 posse.
583 2029 794 2065 Contrarium
828 2038 917 2067 certe
946 2043 1016 2067 non
1038 2031 1168 2067 evincit·
1191 2032 1298 2073 ratio,
1333 2038 1393 2068 aut
1422 2030 1617 2074 coniectura,

165 2097 267 2131 quam
296 2083 460 2129 Lipsiensis
495 2096 684 2131 anonymus
716 2088 840 2125 attulit.
909 2090 1021 2135 Judice
1053 2089 1196 2134 quidem‘
1215 2089 1388 2126 lamatio*
1412 2086 1618 2125 nitidissimis
