1832 2463
1583 194 1627 229 '13

560 390 935 434 CAPUT
1038 391 1221 433 XIII.
1350 396 1391 420 ’Φ

331 514 674 553 PROPOSITIONES
702 514 863 551 DOMINI
902 514 970 551 CA
978 515 1008 550 R
1017 515 1111 551 DIN
1119 514 1201 551 ALI
1210 514 1235 550 S
1268 514 1334 550 CU
1342 513 1368 550 S
1376 513 1460 556 Aa,

665 582 726 618 DE
749 581 794 618 LI
802 593 810 616 ε
858 582 953 618 NON
976 580 1124 618 ALIUD.

394 669 604 701 coNRADI
633 669 826 700 CELTls
862 669 1026 700 CARMEN
1052 669 1256 700 SECULARE
1291 671 1415 706 (1590)
1451 693 1453 695 -

705 749 779 771 τοι.
813 741 840 773 4.
871 749 973 771 cmm.
1002 749 1083 770 nou.

620 836 659 861 οὗ
660 846 1135 862 00000000000000000000000000
1146 841 1164 858 α

266 963 367 1000 Anno
393 964 480 996 1500
505 962 572 998 luci
596 961 787 1006 expositum
810 960 910 996 fuisse
933 961 999 997 hoc
1024 962 1234 1007 opusculum,
1255 973 1298 997 ex
1324 959 1449 996 Celtis
1472 962 1628 1008 adjuncto

175 1022 324 1057 caxmine
356 1021 495 1057 seculari
524 1019 737 1065 conjicimus,
769 1019 802 1053 in
827 1019 925 1064 cujus
949 1020 1044 1055 initio
1075 1022 1121 1056 ita
1146 1020 1259 1055 canit:
1295 1017 1375 1054 Orbe
1402 1026 1516 1054 centeno
1544 1020 1631 1055 modo

173 1078 245 1113 solis
262 1080 335 1113 axis-
355 1079 457 1129 currit.
505 1077 685 1113 Amisisset
707 1082 799 1111 certe
820 1077 977 1112 novioetis
1001 1077 1143 1122 gratiam
1152 1103 1167 1118 ,.
1193 1077 1300 1112 serius
1322 1077 1353 1111 si
1375 1078 1629 1123 comparuisset.

178 1136 311 1171 Viennae
342 1148 384 1171 ex
404 1135 635 1181 typographeo
657 1131 798 1180 Joannis
823 1131 1076 1177 lVinterburgerir
1096 1134 1258 1178 prodiisse
1290 1134 1393 1169 infert
1414 1134 1560 1168 Denisius
1586 1146 1630 1169 ex

173 1192 324 1227 formulis
346 1193 546 1230 litterarum,
564 1190 659 1234 queis
680 1189 856 1223 Viennensis
879 1189 936 1223 ille
958 1189 1189 1233 typographus
1213 1189 1264 1223 uti
1287 1192 1506 1224 consueverit.
1539 1191 1629 1225 Eam

172 1248 208 1283 in
230 1259 301 1283 rem
325 1250 483 1288 refertur,
520 1247 610 1292 quod
631 1245 741 1289 littera
766 1246 778 1279 i
809 1256 876 1280 non
898 1251 1022 1289 puncto
1045 1245 1198 1290 superius
1229 1244 1357 1286 addito,
1401 1247 1461 1281 sed
1490 1247 1621 1289 lineola,

174 1306 535 1351 sinistram‘spectante
575 1308 692 1339 notata-
713 1301 943 1348 conspiciatur.
978 1302 1236 1347 .Relinquamus
1259 1302 1323 1338 ista
1341 1302 1414 1344 his,
1445 1304 1503 1348 qui
1525 1316 1565 1340 ea
1589 1306 1625 1341 in

173 1374 209 1398 re
231 1364 361 1398 acutius
383 1364 505 1397 vident.
553 1362 687 1395 Praeter
707 1359 864 1400 Denisium
886 1360 1016 1394 nullum
1039 1361 1144 1404 reperi
1167 1360 1482 1405 bibliographorum‚
1504 1363 1561 1405 qui
1583 1363 1626 1397 de

175 1421 313 1465 antiquo
338 1420 402 1454 hoc
411 1444 429 1460 ,ζ
459 1418 684 1462 minimaeque
718 1416 818 1452 molis
841 1421 1060 1452 monumento
1083 1416 1244 1453 litterario
1275 1416 1391 1451 fecerit
1422 1419 1628 1456 mentionem

175 1478 333 1522 aliquam.

262 1558 303 1594 AI.
357 1558 503 1594 Priorem
534 1558 568 1593 in
595 1557 658 1592 hoc
678 1556 790 1592 libello.
816 1555 929 1591 locum
960 1559 1097 1591 tenent:
1146 1554 1371 1600 Roposmones·
1394 1554 1627 1598 reverendissimi

173 1612 300 1647 Domini
326 1614 449 1647 Nicolai
463 1613 646 1647 cardinatis
674 1613 709 1646 de
730 1614 835 1646 virtute
858 1614 966 1656 ipsius.-
1006 1611 1078 1646 Non
1108 1612 1199 1647 atiud.
1246 1613 1332 1646 Sunt
1360 1613 1391 1646 id
1414 1623 1521 1656 genus
1547 1623 1623 1657 pro-

174 1668 352 1714 positiones
374 1678 514 1701 numero
529 1669 668 1710 viginti3
693 1678 835 1711 quarum
858 1669 960 1702 altera
986 1668 1124 1702 alteram
1151 1668 1341 1707 subtilitate,
1367 1673 1402 1702 et
1421 1669 1623 1703 obscuritate

175 1734 326 1770 superare
349 1724 486 1759 videtur.
541 1722 616 1758 Sint
637 1724 779 1765 exempli
804 1724 877 1756 loco
901 1723 1145 1766 propositiones
1169 1723 1275 1757 duae:
1322 1724 1350 1758 11
1359 1726 1399 1750 ‘¹³-
1433 1726 1626 1771 „Quisquis

174 1781 317 1823 ‚,videt.
349 1781 557 1815 verissimum
579 1790 674 1815 esse.
717 1779 804 1823 quod
828 1777 974 1813 definitio
1007 1784 1060 1813 est
1090 1789 1156 1813 non
1187 1780 1296 1821 aliud,
1330 1791 1429 1826 quam
1455 1782 1621 1818 definitio:

174 1838 234 1881 „is
254 1838 362 1873 ‘etiam
385 1838 482 1879 videt,
514 1838 622 1884 ipsum
642 1849 708 1872 non
732 1837 820 1872 aliud
843 1835 1050 1881 definitionis,
1068 1848 1144 1873 esse
1168 1838 1403 1875 definitionem.
1435 1840 1478 1875 111
1487 1841 1530 1866 ⁸¹·-
1555 1842 1622 1882 Qui

177 1896 315 1937 ‚,videt‚
340 1896 428 1939 quod
450 1906 518 1930 non
542 1896 630 1930 aliud
653 1901 706 1930 est
728 1906 795 1929 non
820 1894 925 1933 aliud,
949 1904 1050 1938 quam
1072 1906 1140 1930 non
1164 1896 1269 1930 aliud:
1301 1897 1407 1936 videt,
1437 1909 1504 1932 non
1529 1899 1623 1936 aliud

176 1952 406 1995 „definitionis
431 1962 505 1987 esse
529 1952 756 1988 definitionem
778 1963 814 1987 se
837 1950 1078 1988 definientem.“
1143 1951 1255 1997 Atque
1288 1953 1351 1988 hoc
1382 1961 1497 2000 pacto.
1529 1959 1624 2002 quasi

175 2022 234 2053 per
254 2011 377 2054 gradus
400 2009 573 2054 quospiam
597 2011 800 2046 subtilitates
821 2009 1070 2050 continuantur,
1091 2015 1125 2044 et
1149 2016 1318 2052 crescunt,
1350 2022 1460 2057 usque
1482 2015 1525 2048 ad
1551 2026 1625 2060 pro-

177 2067 374 2113 positionem
390 2066 596 2116 vigesimam,
620 2079 705 2113 quae
731 2070 776 2104 ita
802 2067 936 2113 incipit:
974 2065 1100 2112 Quando
1123 2079 1201 2102 mens
1224 2069 1398 2111 considerat,
1422 2082 1480 2106 non
1498 2070 1625 2106 calidum

176 2125 311 2170 calefieri,
329 2130 357 2160 et
363 2124 513 2170 frigidum
526 2125 653 2172 calefieri
662 2138 720 2173 per
736 2124 906 2168 intellemm
919 2127 1040 2171 attingit
1053 2137 1111 2166 non
1123 2126 1251 2168 calidum
1264 2139 1321 2173 per
1335 2140 1448 2165 semum
1453 2128 1624 2175 frigidum

1144 2184 1148 2189 ²
1361 2189 1399 2221 11
