1832 2463
755 164 758 167 ,
785 145 898 170 mous
926 143 1083 173 omme,
1612 143 1656 177 93

203 222 346 266 Camers,-
386 224 500 261 Celte
529 226 767 265 contendente,
804 236 880 262 esse
912 231 1028 261 omnes
1059 226 1242 262 destinatos
1278 227 1493 263 bibliothecae
1522 228 1655 273 Regiae,

202 285 342 331 Scripsit
364 275 595 330 Panegyricum,
629 285 757 320 dictum
772 283 989 333 Maximiliano
1003 283 1049 325 I.,
1082 296 1142 330 pro
1163 290 1273 321 erecto
1295 285 1447 330 Collegio
1470 291 1657 332 poetarum,

198 343 344 379 versibus
367 342 518 392 heroicis.
578 341 723 378 Nicolaus
740 341 882 376 Heurlius
911 342 947 376 in
970 341 1228 387 Silesiographia
1247 342 1320 390 VH·
1351 354 1383 387 p.
1405 346 1419 376 ι’
1425 354 1470 387 33
1501 350 1657 385 testatur,

198 401 345 437 carmina
359 399 492 446 Longini
514 400 607 445 plura
630 405 813 444 suppetere,
836 410 923 443 quae
944 400 1156 437 commendat
1178 411 1199 435 a
1221 399 1378 436 facilitate
1402 400 1493 446 styli,
1519 402 1657 439 ceteris-

198 468 263 503 que
282 458 424 494 dotibus.
472 458 510 492 In
532 457 644 492 codice
666 455 943 500 mserepistolari
978 463 1154 493 occurrunt
1172 456 1305 502 Longini
1328 458 1486 502 epistolae
1509 466 1655 504 quatuor

196 515 238 549 ad
264 514 330 549 Cel
336 520 415 549 tem.

287 584 432 621 Constat
455 582 599 618 comicus
615 581 681 616 iste
704 580 824 616 Dianas
838 579 943 616 Ludus
965 582 1090 618 actibus
1106 583 1262 629 quinque,
1283 585 1400 630 quibus
1426 584 1652 631 praemittitur

192 641 377 686 proloquium
392 641 542 676 versibus
560 639 729 696 jambicils,
760 640 935 674 recitatum
955 650 975 674 a
991 639 1160 681 Mercurio,
1185 648 1360 678 enarrante
1379 644 1428 679 rei
1446 643 1652 680 exhibendae

195 705 445 742 argumentum,
474 708 540 742 quo
563 696 773 740 potissimum
795 695 942 731 attinent
965 697 1122 732 versiculi
1146 705 1346 743 sequentes:

461 766 621 804 Mandata
645 765 738 802 vobis
759 765 829 811 jam
853 766 923 801 fero
945 767 1076 802 Triviae
1098 768 1196 808 Deae,

462 824 716 867 Nemorumque
739 823 889 863 latebris,
913 829 948 858 et
972 823 1049 859 feris
1074 835 1162 869 quae
1184 826 1365 870 praesidet:

459 871 555 916 Haec
577 879 720 914 Maximo
743 879 830 923 Regi
852 884 905 914 est
927 880 1046 915 datura
1067 879 1196 915 Aemilio

465 937 607 976 Arcum,
640 936 841 981 pharetram,
878 936 1055 981 cuspidas‚
1085 942 1155 973 rete
1184 943 1219 973 et
1247 948 1356 978 caneS,

465 993 536 1029 Sibi
559 986 698 1029 offerens
724 993 942 1029 venationum
966 993 1128 1039 insignia:

458 1051 659 1097 victamque
681 1062 719 1086 se
738 1051 828 1100 dicet
854 1061 912 1097 per
932 1051 1107 1096 egregium
1131 1051 1250 1093 virum,

459 1107 656 1143 venationis
679 1108 789 1142 omnis
814 1108 1097 1151 expertissimum.

282 1188 404 1224 Actus
424 1191 489 1235 pri
496 1202 574 1225 mus
609 1190 698 1226 hunc
720 1191 757 1225 in
780 1190 916 1225 modum
940 1190 1149 1226 inscribitur:
1173 1189 1280 1225 Diana
1302 1188 1461 1235 Nymphis,
1484 1194 1512 1224 et
1527 1188 1649 1232 Faunis,

192 1248 355 1291 reliquaque
376 1259 430 1281 sua
445 1246 587 1290 familia,
617 1248 727 1293 singuli
743 1249 806 1282 suis
829 1246 993 1293 insignibus
1017 1249 1131 1284 ornati,
1156 1253 1183 1282 et
1205 1246 1317 1288 induti,
1352 1247 1465 1293 Regem
1490 1246 1651 1292 alloquitur

191 1305 324 1340 heroico
348 1315 507 1342 versuum
530 1316 664 1351 genere.
712 1305 838 1341 Laudat
860 1305 988 1350 Regem
1012 1316 1032 1340 a
1050 1306 1148 1341 rebus
1171 1305 1298 1341 fortiter
1321 1306 1437 1351 gestis.
1475 1305 1649 1341 Praedicat

190 1373 238 1403 se,
262 1369 296 1397 et
319 1374 390 1398 sua.
437 1364 557 1398 Fasces
582 1369 695 1398 tamen
718 1363 837 1398 merito
860 1373 898 1397 se
919 1363 1000 1398 dicit
1022 1361 1216 1399 submittere
1235 1363 1547 1408 Principi·venandi
1569 1363 1648 1399 artis

191 1419 449 1457 studiosissimo.
497 1420 585 1455 Inter
607 1419 671 1454 alia
695 1420 743 1454 ita
766 1418 876 1454 canit:

530 1527 531 1530 ,
792 1487 886 1523 Adeo
912 1494 1050 1523 venator
1075 1486 1235 1530 Maximus
1259 1487 1324 1526 ille,

397 1546 505 1585 Quem
525 1556 674 1591 capreae,
698 1545 851 1590 cervique
874 1545 1003 1593 timent,
1025 1545 1169 1589 ursique,
1194 1554 1347 1587 suesque,

396 1601 442 1635 Et
463 1603 571 1645 lupus,
599 1609 633 1636 et
653 1612 759 1647 nuper
780 1601 840 1642 tibi
863 1602 959 1636 missi
983 1600 1148 1645 Aquilone
1171 1601 1344 1634 Visontes:

395 1656 503 1696 Quem
526 1657 667 1700 fugiunt,
690 1658 747 1700 qui
769 1667 868 1699 saepe
887 1657 975 1690 fetus
1001 1667 1119 1690 nemus
1144 1666 1242 1689 omne
1266 1655 1396 1699 fatigas.

394 1714 486 1749 Cedo
510 1714 636 1753 lubens,
660 1722 839 1757 arcumque
862 1722 987 1751 meum,
1011 1712 1263 1757 pharetramque
1287 1714 1459 1754 nitentem,

394 1770 439 1804 Et
459 1770 764 1817 jaculumcapias,
787 1770 924 1809 Caesar,
949 1769 1129 1814 spoliisque
1153 1768 1274 1805 Dianae

394 1827 528 1863 Laetior
551 1818 689 1865 exultes.

279 1893 352 1931 Post
381 1896 466 1943 hujus
487 1901 625 1935 carminis
654 1899 864 1938 recitationem,
901 1895 1009 1932 Diana
1030 1896 1121 1932 choro
1139 1895 1345 1941 Nympharum
1376 1895 1501 1940 stipata,
1540 1896 1646 1932 laudes

193 1952 285 1999 Regis
294 1958 334 1989 *et
353 1955 484 2001 Reginae
503 1968 568 1992 cum
588 1956 737 2002 Nymphis
757 1963 786 1992 et
806 1955 929 1995 Faunis,
961 1961 1084 1999 quatuor
1105 1952 1223 1988 vocibus
1246 1959 1353 1990 cantat.
1401 1953 1475 1999 Ipsa
1498 1955 1530 1989 in
1554 1955 1649 1990 medio

187 2010 275 2048 choro
302 2014 478 2049 corniculata
497 2012 613 2050 stabat:
638 2013 787 2060 Nymphis
808 2015 838 2048 in
854 2011 955 2048 chorea
975 2013 1054 2046 circa
1073 2013 1167 2056 ipsam
1190 2010 1370 2052 salientibus,
1385 2015 1415 2046 εἰ·
1434 2010 1504 2047 haec
1517 2015 1650 2047 carmina

189 2070 372 2108 canentibus:
396 2072 539 2110 melodia
561 2073 603 2109 ad
625 2072 755 2109 notulas
777 2071 930 2112 musicas,
954 2081 1038 2116 quae
1061 2071 1189 2106 cantico
1214 2069 1384 2116 subjectae
1406 2077 1493 2111 sunt,
1519 2076 1648 2107 exacta.
