1832 2463
770 127 885 156 nunus
908 127 1062 155 DIANAB.
1598 125 1643 160 95

394 208 433 246 Si
456 219 523 255 qua
544 211 627 246 mihi
649 217 703 251 est
725 212 850 252 virtus,
879 209 1106 255 doctrinaque,
1129 209 1279 247 Maxime
1299 211 1435 252 Caesar,

485 269 640 314 Imponas
662 270 762 316 capiti
783 270 897 308 laurea
918 274 1008 304 serta
1031 279 1118 304 meo.
1162 307 1167 311 x

393 325 458 361 Per
480 326 623 372 Superos
645 338 708 372 ego
727 327 803 374 juro
826 327 895 367 tibi,
919 332 954 361 et
977 335 1033 371 per
1056 330 1187 371 sceptra
1206 325 1385 362 Tonantis:

486 384 635 420 Cantabo
656 385 771 419 laudes
793 385 847 419 hic
870 389 905 418 et
926 382 1047 427 ubique
1070 388 1156 418 tuas.

280 463 398 506 Poeta,
422 465 566 499 solemni
577 464 662 501 ritu.
684 474 743 510 per
759 473 879 500 manus
892 462 1035 507 Regias,
1059 467 1188 505 creato;
1211 461 1341 497 Chorus
1355 457 1500 500 aetionae
1513 466 1639 510 gratia-

187 530 263 557 rum
285 522 369 568 Regi
394 521 554 573 cantavit,
581 522 686 557 tribus
708 522 854 558 vocibus.
900 520 1065 556 Carminis
1088 519 1242 566 sapphici
1265 519 1328 556 hoc
1349 527 1401 557 est
1422 523 1613 559 exordium:

552 592 658 637 Regis
681 597 834 627 aeternas
857 601 1048 626 resonemus
1069 602 1186 626 omnes

551 648 673 694 Inclyti
695 650 826 685 laudes:
859 649 981 684 nitidae
1003 659 1144 685 coronae

552 705 650 742 Serta
673 707 733 752 qui
754 708 852 743 docto
875 707 1010 750 dederat
1032 712 1152 750 poetae

966 763 1154 799 silesitano.

277 850 401 886 Actus
431 858 598 897 quartus.
655 853 789 898 Syllmus
818 853 906 888 asello
934 854 1079 895 insidens,
1109 860 1137 889 et
1165 852 1335 889 cantharum
1364 864 1439 888 ansa
1461 854 1581 896 attrita,
1614 861 1643 889 et

181 914 304 943 contusa
326 914 487 956 περιφερια.
515 908 686 948 extendens:
726 910 881 959 vacillante
909 917 937 947 et
964 910 1105 947 tinebante
1129 913 1247 957 lingua,
1283 916 1311 945 et
1339 909 1471 946 cruribus
1501 912 1641 953 tremitis,

187 965 299 1011 Regem
321 965 494 1012 alloquitur,
526 969 671 1014 elegiaco
694 969 857 1011 carmine,
893 970 983 1015 quod
1005 969 1069 1005 hac
1091 969 1220 1006 ratione
1242 968 1374 1018 ineipit:

412 1038 529 1075 Clarus
554 1040 722 1078 Aventino
745 1040 914 1088 quondam
937 1041 994 1087 qui
1016 1041 1180 1087 sanguine
1203 1046 1316 1076 cretus
1347 1039 1434 1097 διεζ-

276 1119 366 1153 Hinc
383 1130 499 1154 rursus
515 1122 705 1156 silentium:
729 1126 764 1155 et
779 1121 899 1165 pocula
918 1131 1028 1160 aurea,
1053 1127 1088 1157 et
1109 1126 1241 1165 paterae
1256 1131 1317 1165 per
1329 1121 1454 1165 Regios
1468 1122 1641 1165 pincernas

182 1174 415 1210 circumlatae:
445 1181 479 1211 et
502 1177 588 1212 inter
610 1177 727 1222 pocula
749 1176 879 1222 pulsata
900 1181 1074 1222 tympana,
1100 1182 1136 1211 et
1159 1187 1285 1212 cornua
1306 1176 1431 1212 inflata.

271 1301 395 1340 Actus
424 1303 582 1348 quintus
610 1308 638 1338 et
666 1304 792 1340 ultimus.
856 1303 1000 1339 Personae
1026 1302 1092 1338 ludi
1122 1314 1233 1344 omnes,
1265 1304 1297 1338 in
1318 1315 1406 1339 amm
1428 1303 1546 1341 chonam
1567 1316 1638 1341 con·

180 1367 329 1408 gregatae,
352 1362 517 1406 gratiarum
540 1362 665 1396 actiones
687 1367 789 1407 agunt,
813 1360 920 1396 Diana
942 1361 1116 1406 loquente3
1143 1366 1178 1396 et
1188 1362 1345 1396 universo
1359 1362 1471 1403 choro,
1496 1368 1639 1408 quatuor

183 1430 305 1455 vocum
327 1424 490 1454 concentu
512 1418 643 1463 singula
667 1419 815 1455 carmina
840 1423 1027 1464 repetente,
1051 1424 1087 1454 et
1109 1419 1243 1455 veniam
1265 1419 1404 1456 abeundi
1426 1425 1567 1465 petente.

276 1498 419 1545 Elegidii
441 1498 541 1544 hujus
564 1505 732 1545 postrema
754 1499 899 1535 disticha
921 1498 1133 1535 adducimus:

432 1569 650 1618 Multiplicem
674 1569 782 1605 variet
804 1571 955 1607 sobolem
982 1570 1042 1606 tibi
1065 1570 1183 1605 Blanca
1205 1566 1333 1602 Maria:

446 1654 464 1658 -
501 1626 547 1660 Et
567 1626 707 1661 ducibus
731 1632 833 1662 terras
854 1628 991 1671 impleat
1014 1627 1214 1662 Austriacas.

430 1681 567 1717 Tardior
587 1688 755 1716 extremae
777 1692 854 1716 cum
873 1683 1000 1716 venerit
1023 1683 1107 1717 hora
1130 1687 1280 1717 senecta:

494 1739 642 1775 Collocet
664 1737 875 1784 omnipotens
898 1738 1006 1774 laetus
1028 1745 1204 1786 utrumque
1227 1738 1326 1784 polo!

430 1794 632 1832 Maxmiliane
654 1795 747 1832 vale!
779 1796 900 1833 Valeas
920 1796 991 1841 Jam
1014 1796 1133 1832 Blanca
1156 1794 1288 1832 Maria!

497 1854 571 1900 Jam
592 1860 705 1900 repeto
727 1853 840 1899 sylvas
863 1859 956 1889 casta
977 1855 1086 1891 Diana
1104 1864 1207 1890 meaS.

107 1990 115 1996 ι
272 1946 354 1983 Post
381 1944 498 1981 ludum
528 1951 662 1986 actum,
697 1946 805 1982 Divus
832 1945 1080 1999 Maximinum,
1115 1946 1221 1981 altera
1248 1942 1324 1983 die,
1359 1942 1515 1979 convivio
1545 1943 1641 1989 regio

181 2016 297 2043 omnes
319 2014 478 2052 personas
499 2003 637 2042 refecit:
653 2015 738 2051 quae
759 2009 855 2043 erant
876 2014 1018 2044 numero
1032 2003 1152 2081 viginti
1166 2007 1317 2070 quatuor·
1363 2000 1507 2039 Aetotes
1523 2000 1640 2046 Regiis

182 2064 373 2103 muneribus
393 2063 539 2102 donavit.
