1832 2463
194 157 238 192 92
737 159 838 185 ιη..
851 159 913 183 11..⁷
944 159 1022 184 cnr.
1047 161 1109 185 xv.

186 253 246 284 aut
267 247 373 283 lineas
395 243 523 289 viginti,
546 245 585 276 ut
607 239 743 276 crateris
766 240 909 276 formam
933 240 1053 275 referre
1069 238 1229 279 videatur,
1254 241 1340 278 infra
1362 254 1465 289 quam
1488 246 1647 293 conspici-

187 311 243 340 tur
262 303 370 350 aquila
394 302 512 344 biceps,
536 309 623 343 quae
646 298 818 333 dimidiam
841 304 970 343 partem
992 298 1131 333 alteram
1154 297 1251 341 primi
1273 297 1345 337 folii
1364 308 1516 346 occupat,

280 397 361 431 Erat
383 392 496 437 itaque
520 401 677 437 praesens
707 389 801 426 Ludo
824 390 902 426 huic
923 390 1058 428 scenico
1084 388 1319 425 Maximinum
1347 390 1545 436 Imperator,
1581 406 1649 433 una

189 464 264 488 cum
288 450 499 495 Imperatrice
522 448 632 484 Maria
644 447 772 489 Blanca,
797 455 869 483 orta
891 460 933 483 ex
954 448 1186 485 illustrissimis
1210 448 1378 484 Mediolani
1400 451 1556 486 Ducibus,
1580 445 1649 487 Ad-

188 513 282 544 erant
306 508 393 542 inter
413 512 615 551 spectatores
637 503 805 539 IWediolani
828 507 956 549 Duces3
988 516 1055 540 una
1077 516 1155 542 cum
1176 512 1247 541 tota
1271 507 1372 551 regali
1394 507 1495 542 curia.
1534 508 1648 543 Ludus

186 571 283 602 actus
302 571 354 600 est
373 562 475 598 Lincii
498 563 540 598 ad
554 563 759 604 Danubium,
792 562 828 598 in
851 563 1077 609 arce'Regia‚
1094 556 1273 600 ‘Kalendis'
1288 564 1401 600 Martii
1424 575 1513 600 anno
1538 567 1646 609 ¹⁵013

184 624 335 667 ludisque
350 619 557 656 Samrnalibw
580 626 786 656 accensetur.
835 623 909 661 Quo
922 622 1008 667 jure,
1034 622 1125 657 haud
1143 622 1288 667 percipio
1295 633 1305 665 ς
1328 622 1489 667 siquidem
1501 620 1649 657 Saturna-

183 679 227 714 lia
250 679 413 714 celebrata
436 689 457 712 a
480 677 643 713 Romanis
669 677 793 713 fuerint
815 689 930 715 mense
945 677 1110 720 Decembri,
1135 679 1188 715 die
1206 690 1292 715 vul.
1317 685 1351 714 et
1369 689 1438 723 seq.
1484 679 1649 715 Fortassis

184 738 244 783 qui
268 737 360 771 hunc
376 736 494 771 ludum
508 727 717 769 &carnalibus
738 736 979 777 adnumeravit,
1005 736 1215 772 commiscuit
1228 734 1404 771 &amalfa
1419 746 1499 770 cum
1510 731 1648 773 Bacc'ha-

184 793 308 829 nalibus.
359 792 500 828 Actores
524 791 608 826 Ludi
630 798 725 827 erant
748 802 886 827 numero
902 791 958 827 24.
1005 793 1070 834 Qui
1093 793 1180 828 inter
1202 803 1260 827 eos
1283 798 1377 827 erant
1398 793 1582 839 praecipui,
1613 795 1648 829 in

185 852 293 887 fronte
318 851 392 887 libri
412 855 615 894 comparent.
674 849 790 884 Missis
813 849 966 892 Bonomo,
999 849 1123 891 Celte,
1159 849 1306 888 Vei-enim·
1340 850 1382 885 de
1405 850 1526 895 quibus
1553 850 1646 886 alibi:

184 909 349 953 quaedam
373 906 601 943 subnectimus
631 906 673 939 de
699 903 882 950 Grunpeckio
913 912 948 941 et
971 905 1120 951 Longino.
1179 908 1261 942 Erat
1290 905 1412 954 ,Joseph
1438 905 1645 952 Grunpeckius,

185 966 293 1010 patria
306 963 556 1001 Bur-ckhusianus,
581 963 749 1003 Bavarus,
773 974 862 998 nunc
876 962 1092 1006 Austriacus;
1124 964 1272 999 medicae
1284 965 1348 1000 arti
1364 960 1512 1003 deditus,
1543 974 1650 1009 aeque

187 1034 227 1058 ac
256 1022 459 1067 theologiae,
491 1019 676 1055 sacerdotio
698 1019 866 1061 initiatus,
889 1019 1114 1073 (Maximiliano
1135 1021 1215 1067 Imp.
1237 1032 1258 1057 a
1279 1022 1391 1058 sacris.
1448 1022 1647 1067 Magnopere

188 1080 373 1114 oblectatus
396 1085 467 1112 arte
491 1077 721 1122 prognostica3
757 1078 1039 1122 quemadmodum
1062 1090 1104 1113 ex
1124 1079 1255 1123 scriptis
1279 1080 1402 1119 elucet,
1434 1090 1518 1123 quae
1546 1080 1646 1114 edidit

178 1141 255 1170 tum
271 1135 402 1174 medici,
428 1139 500 1167 tum
516 1133 666 1166 historici
690 1134 889 1175 argumenti.
928 1134 1044 1169 Vitam
1058 1133 1270 1176 Maximiliani
1293 1136 1335 1169 ab
1350 1146 1391 1169 eo
1414 1136 1646 1180 conscriptam,

182 1198 316 1240 partum
333 1190 562 1237 posthumum.
589 1188 776 1224 Theodisce
797 1189 862 1224 luci
879 1190 1031 1235 exposuit
1044 1188 1186 1237 oJacobur
1195 1189 1344 1231 Moser-us,
1360 1191 1645 1236 Tubingae1721.

182 1250 322 1286 Fallitur
346 1255 458 1283 autem
488 1248 523 1282 in
547 1259 588 1282 eo
610 1246 767 1294 Mamur,
804 1249 894 1292 quod
918 1254 1038 1292 negat,
1072 1246 1285 1293 Grunpeckium
1315 1249 1418 1284 fuisse
1436 1248 1648 1284 Maximiliani
1679 1276 1684 1277 γ

183 1307 429 1348 Secretarium3
469 1305 559 1352 quod
595 1305 730 1350 quidem
770 1304 868 1351 hujus
899 1306 1091 1342 comoediae
1123 1306 1240 1342 titulus
1276 1306 1399 1342 diserte
1433 1313 1645 1343 contestatur.

184 1365 325 1409 Scripsit
356 1365 442 1399 inter
466 1365 588 1408 primos
611 1364 653 1398 de
677 1364 731 1397 lue
755 1363 916 1398 Venerea.
962 1363 1111 1398 Koboltus
1134 1366 1170 1399 in
1192 1366 1271 1400 Lex.
1296 1365 1360 1400 tria
1386 1366 1549 1400 duntaxat
1572 1366 1643 1410 ejus

185 1431 287 1467 opera
307 1425 559 1455 commemorat.
605 1418 753 1454 Schierius
777 1429 898 1453 novem
905 1430 915 1461 ;
939 1419 1059 1463 quibus
1080 1420 1324 1465 adjungendum
1343 1419 1435 1460 illud,
1460 1422 1549 1465 quod
1565 1432 1645 1456 mox

180 1477 411 1515 indicavimus,
435 1477 476 1510 de
490 1477 557 1510 vita
568 1474 713 1511 Friderici
727 1473 792 1523 HJ.
818 1482 852 1509 et
862 1474 1073 1510 Maximiliani
1088 1476 1115 1512 I.
1147 1478 1222 1512 Etsi
1244 1478 1285 1511 ob
1297 1477 1480 1512 mirabilem
1500 1477 1645 1512 indolem

181 1536 270 1571 haud
293 1534 452 1569 diuturna
472 1533 544 1578 ejus
567 1533 666 1568 fuerit
696 1543 773 1568 cum
797 1532 959 1577 plerisque
982 1533 1147 1568 amicitia:
1179 1534 1213 1569 in
1237 1534 1376 1569 colendo
1406 1540 1518 1569 tamen
1543 1532 1646 1569 Celte

185 1598 257 1626 erat
279 1591 423 1634 stabilis;
460 1590 584 1635 quippe
604 1590 663 1634 qui
687 1590 793 1624 adhuc
817 1601 904 1624 anno
932 1592 1018 1623 1505
1054 1590 1169 1625 amicis
1192 1591 1312 1626 litteris
1338 1601 1416 1625 eum
1439 1591 1644 1627 salutaverit.

184 1648 354 1694 Epistulae
378 1649 529 1695 ejusdem
552 1647 638 1682 duae
668 1647 712 1682 ad
739 1645 880 1681 Celtem
905 1652 1079 1683 servantur
1110 1647 1144 1682 in
1169 1647 1243 1684 cod.
1267 1658 1351 1683 msc.
1376 1658 1450 1693 epp.
1473 1675 1480 1680 .

283 1740 452 1774 Wncentius
467 1748 578 1775 autem
591 1741 755 1784 Longinus,
769 1737 955 1777 ,Etmtherius
969 1740 1093 1784 pariter
1107 1741 1304 1786 appellatus,
1320 1752 1341 1775 a
1356 1741 1461 1786 patria
1472 1740 1646 1777 Eleuthero-

180 1798 249 1843 poli
271 1796 500 1843 (Freystadt)
521 1796 676 1836 Silesius,
701 1803 852 1841 paterno,
881 1799 1125 1842 vernaculoque
1149 1800 1283 1834 nomine
1298 1799 1408 1834 dictus
1425 1798 1534 1845 lang,
1572 1805 1644 1835 erat

184 1855 351 1896 Musicus,
377 1861 494 1900 poeta,
527 1855 569 1889 ob
593 1853 778 1889 studiorum
798 1854 1048 1891 similitudinem
1074 1854 1199 1891 Celti
1207 1856 1467 1902 acceptissimus.
1514 1856 1644 1907 Agebat

184 1912 220 1946 in
246 1914 338 1949 Ludo
357 1911 478 1947 Dianae
507 1923 687 1958 personam
711 1910 842 1952 Bacchi,
877 1913 918 1948 ab
938 1913 1137 1959 imperatore
1166 1915 1277 1949 laurea
1301 1915 1430 1959 poetica
1461 1914 1497 1950 iu
1526 1914 1645 1949 eodem

185 1969 281 2003 Ludo
304 1971 451 2005 donatus
497 1971 646 2005 Hortatu
672 1968 801 2004 Celtis
823 1970 947 2004 Italiam
972 1970 1077 2020 petiit.
1125 1972 1292 2007 Reversus
1320 1971 1475 2011 Viennam,
1499 1970 1644 2008 absentis

188 2025 317 2060 Celtis
340 2027 443 2070 gessit
457 2028 599 2072 negotia.
648 2028 732 2064 Post
750 2026 820 2072 ejus
837 2027 964 2063 obitum
988 2039 1041 2063 an.
1064 2029 1150 2062 1504
1174 2030 1259 2064 inter
1275 2028 1417 2064 Celtem
1439 2035 1473 2064 et
1487 2026 1643 2074 ymen

187 2083 348 2118 Camertem
370 2083 412 2118 lis
435 2089 487 2117 est
506 2091 579 2119 orta
602 2087 644 2120 de
663 2086 786 2121 relictis
807 2085 958 2130 ejusdem
979 2086 1080 2122 libris.
1134 2087 1322 2124 Nonnullos
1342 2088 1404 2124 sibi
1421 2084 1642 2121 vindicaverat
