1832 2463
604 111 836 143 ssu-amau
860 100 1068 139 szALss’AS
1104 111 1186 137 are.
1582 103 1628 141 ῃ

226 214 246 230 a
274 194 339 234 1v.
378 195 479 238 ⁴Quae
499 196 659 234 attexitur
680 194 862 231 manis
882 194 1084 242 carminibus
1106 192 1230 239 epistota
1245 191 1346 228 sau-ti
1368 189 1553 239 Eemnfflm',
1576 195 1626 231 in-

181 253 379 299 saiptaaest
398 253 535 299 Magno,
558 255 681 290 oratori
702 254 791 290 urbis
813 246 968 288 Romani.
1014 253 1233 293 Quaesiverat
1253 251 1410 297 Magnus,
1434 256 1474 286 ut
1497 252 1627 287 videtur

181 316 337 348 monente
349 309 470 358 Rufino,
492 323 552 349 cur
574 312 610 348 in
626 311 776 358 operibus
789 310 860 347 suis
879 309 1095 348 saecularium
1109 309 1290 346 litterarum
1308 309 1465 354 exempla
1480 317 1628 355 poneret,

179 374 216 404 et
230 369 428 409 testimonia.
448 370 723 415 ethnicorumque
736 369 1061 414 sordibusppollueret
1078 367 1255 403 candorem
1268 367 1449 410 ecclesiae„
1461 367 1626 414 Reposuit

177 425 296 463 beatus
318 426 532 474 Hier-anquis,
563 428 651 474 apud
673 426 818 473 Moysen,
849 423 1049 467 &lamone-m,
1079 431 1115 461 et
1136 426 1316 471 prophetas
1343 435 1516 461 occurrere
1537 425 1625 469 loca,

178 494 198 519 e
226 484 401 529 gentilium
428 485 570 520 delibata
599 483 702 519 libris.
772 483 934 518 Sanctum
963 482 1091 517 Paulum
1121 492 1323 527 provocasse
1356 483 1397 517 ad
1427 482 1622 519 testimonia

177 551 383 587 paganorum
418 547 595 587 poenarum
623 535 826 586 Epimenidis,
864 538 1048 579 Menandri,
1083 544 1118 574 et
1134 538 1249 575 Arati.
1318 539 1431 576 Patres
1461 541 1622 578 ecclesiae

177 598 388 635 Christianae
417 608 456 633 se
478 598 695 643 antiquiores,
731 595 911 645 ι,ῗιιιίὶηιινη,
940 595 1142 636 Methodimn,
1179 595 1349 631 amem
1370 596 1620 642 AEexmdrr‘mm,

178 639 356 696 mebium,
379 653 599 700 Apollinarem,
622 655 771 701 aliosque
795 666 866 691 non
886 655 1009 701 paucos
1017 667 1036 695 ,*
1052 664 1133 689 usos
1155 664 1234 689 esse
1252 654 1429 691 sententiis
1449 653 1484 691 et
1505 661 1620 691 aucto-

173 714 272 749 ritate
293 713 474 759 gentilium>
497 715 697 760 scriptorum
727 712 835 749 multo
862 712 1040 750 liberalius.
1097 709 1215 753 Addit,
1247 723 1289 748 se
1309 723 1446 759 sperare
1471 715 1621 757 veniam,

172 772 220 811 si,
241 770 361 805 horum
384 771 553 815 exemplo,
573 771 680 814 spana
692 760 849 815 Aegypti·
860 772 991 805 adrem
1002 770 1228 805 Christianam
1245 770 1422 805 transfene
1437 771 1619 807 adunam.

266 846 392 890 Qunaus
408 849 570 884 adductus
586 849 714 889 causis,
733 848 921 898 adjunxerit
937 839 1058 884 cetus
1076 848 1312 885 stridonensis
1326 851 1509 900 presbyteri
1529 852 1620 888 hanc

171 907 356 954 epistolam,
377 905 472 942 facile
487 905 697 952 conjectabit,
717 905 903 952 quicunque
918 911 1107 956 temporum
1120 906 1253 942 illorum
1275 905 1428 943 habuerit
1443 909 1621 946 rationemss

169 965 236 1007 Qui
267 975 307 999 ea
337 969 534 1010 tempestate
566 964 720 1000 valebant
747 963 889 1005 litteris,
926 965 1129 1010 easdemque
1156 975 1335 1009 propagare
1363 965 1480 1005 latius,
1514 964 1618 1011 atque

169 1021 293 1058 animis
315 1020 595 1063 adolescentium,
629 1022 670 1058 de
693 1019 813 1068 quib'us
843 1022 929 1058 bona
947 1032 1026 1068 spes
1055 1027 1156 1063 erat,
1177 1021 1339 1057 instillare
1368 1022 1618 1064 constituerant,

114 1079 117 1081 ’
168 1081 251 1116 duce
272 1078 481 1124 potissimum
507 1078 613 1114 Celte
634 1077 779 1115 iniefant
806 1080 892 1115 inter
915 1090 952 1114 se
970 1080 1168 1118 sodalitium'.
1224 1081 1289 1119 Qui
1319 1080 1355 1114 in
1380 1090 1458 1114 eum
1483 1085 1618 1116 coetum·

167 1136 443 1175 adscribebantur,
468 1137 620 1172 abdicato
642 1136 789 1182 plerique
810 1135 976 1181 gentilitio
993 1136 1144 1176 nomine,
1169 1146 1291 1170 nomen
1316 1146 1442 1171 novum
1465 1137 1527 1172 sibi
1549 1137 1614 1172 im-

166 1194 333 1239 ponebant
355 1193 443 1239 'sive
479 1193 656 1234 Latinum,
702 1193 775 1229 sive
806 1194 996 1234 Graecum,
1040 1194 1129 1238 quod
1166 1192 1317 1228 blandius
1353 1193 1612 1238 quodammodo,

162 1250 405 1296 jucundiusque
429 1244 578 1285 inaures
601 1250 761 1290 influeret,
785 1261 852 1295 quo
866 1251 1089 1286 excitarentur
1111 1251 1155 1286 ad
1170 1243 1430 1286 aemulationem
1446 1257 1611 1290 veterum,

166 1305 371 1346 Latinorum,
394 1307 650 1342 Graecorumve.
697 1307 762 1342 His
784 1308 921 1349 accedit,
945 1308 1043 1352 quod,
1067 1308 1124 1353 qui
1146 1303 1375 1342 informandae
1395 1308 1438 1342 ad
1457 1307 1613 1342 humani⁴

166 1358 244 1405 tatis
268 1363 378 1399 studia
404 1362 574 1408 juventuti
597 1364 717 1400 dabant
740 1375 891 1410 operam,
922 1364 1005 1400 nihil
1027 1364 1136 1409 magis
1160 1363 1338 1400 habuerint
1368 1363 1405 1398 in
1428 1375 1503 1405 ore,
1531 1363 1614 1399 nihil

167 1420 350 1468 impensius
373 1422 697 1463 commendaverint,
738 1433 838 1468 quarn
869 1422 1046 1458 lectionem
1085 1429 1120 1458 et
1147 1422 1369 1458 imitationem
1401 1422 1615 1467 profanorum

165 1485 355 1519 auctorum,
373 1480 415 1529 rin
438 1480 561 1524 quibus
583 1481 679 1525 plena
702 1481 832 1521 omnia,
857 1481 930 1521 diis,
955 1481 1143 1525 deabusque
1165 1481 1357 1525 gentilium,
1381 1485 1416 1513 et
1437 1471 1611 1514 idolatrica

162 1536 407 1580 superstitione.
455 1537 545 1571 Hinc
572 1537 666 1581 quasi
690 1537 838 1572 occultae
865 1537 1116 1581 conspirationis
1138 1538 1203 1577 rei,
1232 1537 1392 1571 adversus
1416 1546 1488 1570 rem
1512 1536 1611 1571 Chri-

162 1593 319 1628 stianam,
349 1591 587 1637 malevolorum
609 1599 685 1628 tum
707 1594 849 1632 invidia,
882 1600 955 1628 tum
980 1593 1163 1636 ignorantia
1186 1592 1430 1637 imperitorum,
1460 1593 1608 1637 proditae

162 1648 331 1694 religionis
355 1647 498 1691 suspecti
524 1646 734 1682 habebantur.
785 1649 829 1681 Ut
850 1649 937 1681 hanc
961 1649 1221 1691 criminationem
1243 1660 1264 1683 a
1279 1659 1326 1689 se,
1350 1649 1488 1693 suisque
1508 1650 1608 1685 soda-

162 1707 246 1743 libus
269 1704 463 1751 depelleret,
486 1708 587 1749 atque
607 1704 793 1750 disciplinas
814 1702 983 1744 liberales,
1012 1704 1287 1751 potissimumque
1311 1712 1419 1741 artem
1442 1707 1606 1752 poeticam

163 1764 203 1799 ab
230 1763 381 1808 impactis
417 1762 653 1811 oblatrantium
684 1761 858 1798 calumniis
886 1767 1056 1802 tueretur,
1095 1764 1201 1799 sancti
1231 1763 1406 1809 ffleronyma·
1437 1764 1607 1809 proposuit

163 1820 369 1866 exemplum,
398 1820 611 1865 ejusdemque
634 1820 825 1866 epistolam,
861 1830 926 1864 qua
949 1821 1167 1866 semetipsum
1195 1821 1231 1856 in
1260 1821 1362 1857 simili
1393 1821 1606 1857 accusatione

163 1877 325 1918 defendit,
356 1877 596 1923 gentiliumque
625 1878 914 1924 philosophorum,
945 1883 980 1913 et
1011 1884 1187 1924 poetarum
1211 1889 1346 1914 causam
1369 1879 1454 1924 egit,
1483 1879 1607 1925 publici

159 1938 245 1985 juris
267 1936 353 1973 fecit.
418 1935 496 1972 Pari
516 1936 618 1971 ferme
639 1935 793 1972 inductus
817 1935 943 1971 ratione
971 1936 1111 1971 eandem
1131 1937 1309 1982 epistolam
1332 1948 1396 1973 suo
1417 1935 1607 1972 Antibarba-

162 2007 262 2033 ronam
283 1996 364 2031 libro
387 1992 525 2030 inseruit
546 1992 703 2030 Ermum.
749 1995 807 2030 De
829 1993 967 2038 epistola
981 1994 1107 2044 >eadem
1129 1993 1197 2040 legi
1224 2001 1373 2031 meretur
1398 1993 1607 2031 commercium

163 2052 315 2098 epistolare
344 2049 602 2099 Uffinbachiamm
648 2051 686 2087 P.
706 2051 758 2088 111.
790 2062 822 2099 p.
846 2064 902 2098 42,
925 2059 983 2096 45,
1006 2061 1063 2096 47.
