1832 2463
762 181 866 206 tum
892 181 1065 207 antonum.
1566 173 1627 206 103

259 262 310 297 Eo
326 260 458 307 quidem
472 261 615 307 elegiaco
626 269 728 307 ‘opere
743 266 871 297 tantam
890 263 1033 298 nominis
1047 262 1187 310 gloriam
1203 265 1408 296 consecutus
1423 264 1477 294 est
1494 257 1561 295 Cel
1566 262 1628 299 tis.

175 326 217 356 ut
239 319 274 355 in
289 331 424 356 numero
439 321 679 355 Germanorum
703 325 873 364 poetarum
892 321 1004 365 primus
1027 325 1210 364 poneretur.
1257 321 1366 359 Quam
1389 315 1522 353 laudem
1550 329 1627 354 cum

179 377 248 413 Cel
253 379 284 413 ti
301 377 495 423 abjudicare,
519 377 645 421 sibique
658 376 837 412 attribuere
851 383 1074 422 praesumeret
1086 376 1254 412 Richardus
1261 375 1456 412 Barthotims
1477 376 1547 411 Lib.
1558 376 1627 411 ΧΠ.

170 447 255 472 suae
277 433 458 471 Ausm'ados
480 435 567 471 circa
590 433 761 469 finemita
785 444 928 468 canens:

471 515 591 550 ffimw
612 527 666 560 ego
688 514 838 561 ingredior
862 514 1011 552 Germana
1031 529 1084 562 per
1104 515 1212 562 oppida
1235 521 1333 554 vates,-

262 622 420 660 Hominis
441 620 519 657 Itali
548 621 635 657 hanc
656 622 882 668 arrogantiam
913 628 951 661 ut
977 624 1165 659 retunderet
1193 621 1334 670 ὄπι-οἴω
1358 621 1534 669 Spiegelius,
1567 622 1624 667 qui

105 703 118 706 —
168 679 340 716 Barthotini
354 678 536 723 Ausssriaden
556 680 689 714 scholiis
712 680 911 715 illustratam
939 680 1042 715 edidit
1064 681 1202 725 Argent.
1231 692 1330 724 1531.
1353 681 1419 719 fol..
1452 680 1623 724 respondit

167 749 200 785 p.
224 748 303 784 353.
349 735 462 783 Elegos
487 741 583 772 noster
607 735 732 771 Celtes
751 737 867 783 primus
894 736 978 783 apud
998 735 1161 775 Gemanos
1186 738 1325 784 scr-ipsiu
1362 736 1475 772 heroico
1496 737 1624 772 carmine

161 798 278 843 primus
297 793 526 835 Giintherus,
548 794 803 840 auctorLigurini,
826 794 918 832 idem.
941 802 974 830 ut
988 802 1103 841 putant,
1126 794 1299 832 Germamcs.
1353 795 1397 832 Ut
1418 798 1526 831 nostris
1551 807 1620 830 suas

169 862 279 897 quoque
299 851 390 887 honor
411 857 547 886 servem.
591 853 696 887 Recte
719 852 754 886 id
776 853 932 896 quidem:
966 851 1075 896 Cuique
1096 865 1189 888 naam.

257 974 314 1011 IV.
361 975 455 1014 Quae
477 978 599 1018 quarto
623 972 698 1007 loco
719 972 864 1014 occurrit
886 969 1040 1007 Generalis
1057 970 1235 1008 Germaniae
1256 973 1449 1019 descriptio,
1479 972 1625 1008 heroicis

167 1031 334 1068 versibus.
369 1042 450 1067 cum
473 1031 544 1078 jam
565 1036 644 1066 ante
676 1030 797 1066 viderit
825 1030 936 1066 lucem
949 1056 958 1070 ,
988 1030 1142 1076 adjuncta
1169 1029 1298 1067 Cornelii
1318 1029 1416 1066 Taciti
1439 1027 1625 1070 Germaniae.

169 1100 271 1136 quam
290 1087 423 1124 Viennae
444 1100 532 1124 anno
557 1090 655 1128 1500,
678 1088 773 1123 velut
794 1098 897 1133 supra
919 1088 1159 1129 indicavimus,
1183 1090 1274 1135 typis
1295 1089 1470 1125 mandavit
1490 1087 1625 1127 Celtis,

167 1158 235 1182 non
255 1152 324 1186 est,
349 1146 437 1190 quod
457 1146 514 1180 diu
536 1156 598 1179 nos
618 1150 789 1186 moretum
817 1144 881 1178 sibi
903 1144 971 1178 fere
993 1154 1052 1188 per
1073 1145 1185 1180 omnia
1208 1146 1326 1180 similis
1348 1146 1448 1180 editio
1471 1151 1621 1189 utraque.

164 1204 257 1241 Haec
269 1212 382 1238 tamen
389 1199 644 1246 Norimbergensis
656 1199 755 1245 paulo
768 1200 912 1243 auctior;
934 1200 1133 1245 praefatione
1147 1202 1304 1244 nimitum
1320 1202 1362 1237 ad
1371 1201 1620 1237 Maximilimn

165 1261 267 1306 imp.,
289 1269 376 1305 quae
398 1258 580 1295 absolvitur
601 1258 665 1293 hoc
687 1256 896 1292 octosticho:

369 1339 453 1379 Rex,
476 1340 530 1374 cui
553 1341 683 1383 sceptra
699 1337 791 1372 dedit
813 1338 955 1373 Latialia
977 1338 1131 1374 conditor
1152 1339 1256 1381 orbis,

463 1394 705 1441 Imperiumque
726 1400 787 1429 tuo
808 1394 952 1441 subdidit
972 1391 1128 1431 arbitriot

373 1453 497 1500 Accipe
519 1454 722 1489 Germanam
743 1451 915 1509 pingentia
937 1452 1087 1488 carmina
1111 1458 1237 1490 terram

458 1510 503 1546 vIn
516 1521 664 1556 genere,
695 1516 731 1545 et
752 1511 858 1546 totam
878 1520 978 1546 cerne
1000 1511 1230 1556 superficiem:

376 1567 533 1614 Aequora
560 1578 639 1602 cum
659 1567 785 1612 sylvis,
815 1567 972 1612 populos,
1003 1573 1151 1610 montes,
1181 1568 1278 1614 juga,
1310 1574 1450 1616 gentes,-

460 1626 505 1659 Et
526 1630 689 1667 quantum
712 1624 812 1669 sylva
834 1625 1023 1659 extenditur
1038 1625 1226 1669 Hercynia.

378 1679 490 1719 Haec,
524 1688 623 1723 rogo,
654 1690 759 1724 pauca
781 1680 894 1725 legas:
931 1680 1039 1715 donec
1060 1682 1238 1719 Germania
1264 1687 1345 1726 tom,

458 1736 625 1772 illustrata
647 1736 726 1777 tibi,
759 1736 980 1779 Maamilium,
1014 1738 1122 1776 detur.

229 1861 490 1958 dAcoesseruuflt
510 1874 646 1911 quoque
677 1865 721 1902 ad
740 1860 776 1912 §.
795 1864 853 1904 IV.
883 1863 919 1901 de
940 1870 1065 1912 quantor
1088 1864 1227 1904 interibat
1251 1865 1425 1904 Germaniae
1453 1872 1613 1916 postremi

168 1924 205 1959 hi
251 1933 296 1958 uo
314 1921 422 1958 versic
461 1920 490 1956 ⁶:

376 1991 422 2029 Et
444 1991 632 2029 strum'ulos
657 1992 749 2030 sicco
772 1965 856 2040 quos
879 1996 985 2032 mittit
1005 2005 1142 2041 corpore
1164 1993 1305 2032 Suedas·

435 2048 470 2085 A
491 2055 620 2086 struma
642 2051 701 2095 qui
723 2062 849 2088 nomen
871 2052 1011 2094 habent,
1039 2051 1217 2097 gluvieque
1237 2058 1385 2099 patente.
