1832 2463
212 130 256 166 ⁷8

698 300 994 348 CAPUT
1047 303 1176 349 XIV.
1426 321 1446 334 ⁸

549 405 792 442 OPERA
850 406 1315 448 ROSWITHAE,

210 487 397 513 urusnus
413 473 618 519 vlnerum
645 489 691 513 m·
717 487 903 514 inomaus
923 478 1131 521 Grumum,
1163 490 1287 516 Genu
1312 476 1511 519 SAXONICA'
1535 495 1653 528 oum,

319 540 451 587 num}
479 557 509 587 A
543 554 773 586 CONRADo
797 555 963 586 CELTE
995 556 1182 588 ιΝνΕΝΤΑ
1222 558 1418 596 (noum.
1439 562 1539 598 1501.)

679 636 749 657 1¹01..
785 637 852 657 CUM
876 638 942 658 HG.
978 637 1076 658 CHAR.
1102 638 1183 659 ROM-

794 716 1070 730 οοοοοοοοοοοοοοοο

294 800 375 836 Erat
386 799 542 836 Rom-itha
557 799 651 844 virgo
660 799 806 835 Vestalis
824 798 859 832 in
875 798 1078 843 parthenone
1090 795 1366 835 *Gaudersheinoensi
1382 802 1473 846 apud
1480 801 1648 846 Saxones,

205 856 280 894 Ord.
297 856 332 894 S.
348 857 459 894 Bmed.
483 858 674 893 dioeceseos
691 854 949 905 Hildeshemimsis
979 855 1092 891 seculo
1111 855 1153 891 X.
1200 855 1300 891 Haud
1323 856 1491 896 immerito
1510 862 1651 899 miratur

203 915 327 952 Celtis
349 927 530 962 germanae
550 914 699 951 mulieris
719 914 756 949 in
774 914 834 950 illa
856 913 1005 950 barbarie
1027 920 1159 957 tantum
1182 914 1357 957 doctrinae,
1382 923 1417 952 et
1437 919 1650 957 eruditionis:

202 974 320 1018 quippe
343 984 428 1018 quae
453 974 573 1008 Latina
595 972 755 1012 oratione,
781 978 816 1006 et
838 980 936 1006 versu
955 971 1144 1016 loqueretur
1151 982 1162 1015 ;
1193 983 1299 1017 neque
1321 973 1417 1008 rudis
1441 982 1533 1010 esset
1556 977 1591 1012 in
1614 988 1650 1012 ιε

201 1030 349 1070 musica,
380 1037 479 1075 atque
506 1029 754 1065 mathematicis
783 1027 975 1073 disciplinis.
1045 1029 1172 1069 Quodsi
1204 1041 1270 1064 non
1299 1030 1410 1067 ubivis
1440 1032 1516 1067 tulit
1549 1045 1649 1070 omne

199 1087 368 1130 punflum,
385 1094 496 1131 neque
512 1087 593 1121 satis
606 1087 710 1129 polita
724 1093 802 1120 sunt
816 1085 928 1118 omnia
942 1096 951 1119 ε
972 1086 1007 1119 id
1023 1086 1263 1128 indulgendum
1281 1087 1409 1131 puellae,
1425 1089 1650 1126 tribuendum-

198 1154 262 1188 que
277 1145 406 1185 -aetati,
440 1155 504 1188 qua
528 1143 583 1177 illa
601 1142 695 1178 vixit.

287 1225 418 1262 Asserit
441 1225 575 1270 quidem
601 1223 743 1263 Celtis,
768 1232 805 1257 se
828 1219 1001 1257 Roswithae
1023 1233 1141 1267 opera,
1165 1224 1297 1269 sepulta
1321 1224 1394 1265 diu,
1420 1226 1587 1262 invenisse
1611 1227 1647 1263 in

195 1285 400 1319 monasterio
421 1284 572 1328 quodam
589 1280 780 1318 -Bemdictini
811 1279 975 1315 instituti:
1016 1287 1051 1315 at
1068 1279 1250 1325 >quodnam
1274 1281 1354 1317 illud
1383 1283 1502 1324 fuerit,
1531 1284 1644 1320 nescio

194 1351 264 1385 qua
285 1342 448 1376 amotus
470 1340 597 1374 ratione
618 1337 851 1374 dissumlavit.
920 1337 994 1372 Nos
1017 1349 1117 1377 vero,
1150 1339 1242 1374 haud
1264 1339 1502 1377 dubiis·edocti
1527 1353 1646 1379 monu-

195 1397 338 1438 mentis,
361 1397 443 1431 certi
456 1406 589 1436 sumus,
611 1394 787 1429 litterarias
809 1393 909 1427 hasce
926 1403 1005 1436 opes
1022 1392 1129 1427 Celtem
1151 1394 1318 1430 invenisse
1333 1395 1529 1439 Ratisbonae,
1553 1398 1643 1443 apud

195 1454 402 1491 Benedictinos
416 1453 460 1488 ad
473 1452 749 1489 &Emmeramum
775 1451 815 1485 ab
830 1453 942 1493 eisque
964 1450 1129 1494 accepisse
1146 1452 1365 1487 commodato.
1413 1454 1520 1489 Lubet
1535 1455 1644 1490 Bene-

194 1513 395 1549 ffic‘tinomm
427 1508 684 1548 Ratishonmm
736 1508 800 1544 hac
839 1507 887 1541 de
925 1518 961 1542 re
1001 1508 1229 1544 testimonium
1267 1509 1341 1558 >huc
1385 1511 1641 1558 transscribere:

194 1572 300 1617 „Ego
323 1569 375 1607 Fr.
398 1562 577 1606 Laurentius
599 1566 729 1609 fflcher,
760 1565 856 1603 Prior
872 1566 1015 1601 coenobii
1037 1564 1073 1601 S.
1089 1565 1292 1606 Emmerami,
1324 1567 1401 1602 Ord.
1420 1569 1454 1603 S.
1467 1569 1639 1606 Benediffi

192 1635 255 1668 „et
280 1629 331 1664 Fr.
346 1627 496 1664 Erasmus
511 1626 681 1666 Malis,
694 1625 854 1669 ejusdem
868 1624 1064 1658 monasterii
1088 1629 1123 1658 et
1140 1624 1264 1659 ordinis
1287 1624 1457 1669 professus
1478 1630 1513 1661 et
1531 1631 1642 1661 sacer-

191 1688 302 1727 „d0s,
323 1686 591 1730 recognoscimus
613 1694 672 1728 per
692 1688 881 1727 praesentes
899 1681 1040 1721 litteras,
1069 1693 1132 1716 nos
1154 1692 1197 1716 ex
1218 1682 1332 1716 favore
1354 1688 1391 1715 et
1412 1682 1641 1717 benevolentia

191 1767 212 1784 2,
223 1741 403 1778 Conrado
422 1740 526 1776 Celti
548 1745 665 1786 poetae
688 1738 731 1772 ad
745 1749 843 1772 usum
867 1744 901 1772 et
924 1738 1102 1773 utilitatem
1117 1747 1213 1771 suam
1230 1737 1502 1772 accommodasse
1517 1738 1640 1773 librum

190 1825 211 1843 2,
221 1801 401 1846 quendam,
426 1799 462 1834 in
480 1808 546 1843 quo
564 1796 750 1831 continetur
775 1795 922 1834 metrice,
940 1802 976 1829 et
990 1794 1136 1840 prosaice
1156 1792 1259 1827 editio
1281 1793 1452 1838 cujusdam
1473 1794 1636 1836 monialis,

193 1869 320 1903 „quem
352 1859 423 1904 ipse
452 1855 586 1903 proprio
612 1852 834 1898 chirographo
871 1851 965 1887 nobis
994 1849 1144 1896 promisit
1171 1861 1202 1884 se
1223 1849 1421 1893 redditurum,
1459 1857 1637 1898 postquam

191 1938 214 1955 ,2
222 1926 304 1948 usus
326 1916 446 1950 fuer-itt
485 1920 518 1950 et
542 1909 759 1957 Norimbergae
788 1909 928 1955 provido
951 1907 1024 1944 viro
1053 1907 1173 1943 ibidem
1196 1908 1263 1944 civi
1287 1907 1437 1945 Friderico
1455 1909 1637 1945 Rosmritter

190 1995 212 2012 „
220 1972 452 2016 praesentavit.
503 1972 543 2008 In
559 1970 655 2016 hujus
669 1969 717 2004 rei
741 1966 972 2004 testimonium
997 1966 1081 2002 hanc
1094 1965 1242 2003 chartam
1261 1978 1324 2013 ego
1340 1968 1527 2013 praedictus
1540 1966 1636 2003 Prior

188 2028 331 2073 „sigillo
349 2027 513 2062 Prioratus
535 2027 745 2064 communivi.
795 2027 920 2062 Datum
945 2025 1126 2071 Ratisponae
1148 2025 1183 2059 in
1204 2033 1324 2060 nostro-
1336 2026 1495 2065 coenobio,
1518 2024 1634 2069 quinta

187 2086 301 2129 „seria
323 2091 403 2122 ante
417 2085 545 2122 festum
566 2085 806 2122 Purificationis
821 2084 967 2131 Virginis
982 2084 1107 2121 Mariae
1128 2095 1224 2135 anno*
1239 2083 1357 2120 salutis
1380 2081 1458 2119 94.“
1476 2139 1480 2142 .
