1832 2463
217 164 266 201 76.
743 175 817 200 un.
842 174 884 198 11.
933 174 1011 199 cn.
1037 174 1127 199 xm.

218 259 415 303 rogavitque
437 266 496 302 pro
517 257 621 290 salute
643 254 870 297 imperatoris:
893 252 940 287 ita
966 252 1096 288 Celtis
1120 255 1190 290 suis
1213 258 1362 293 versibus
1385 270 1421 294 se
1436 266 1599 302 convertit
1620 268 1662 303 ad

219 320 361 358 quatuor
378 314 516 355 elementa,
540 311 583 347 ad
600 309 735 356 planetas
749 314 888 356 septem.
912 313 1013 356 atque
1029 311 1202 349 duodecim
1216 313 1304 358 signa
1314 313 1458 357 laam-f,
1495 322 1662 364 predbub

220 382 284 415 que
312 370 498 406 sollicitavit
530 374 568 403 ut
591 369 768 404 Germanis
791 368 889 403 terris
918 368 1070 409 faveant,
1106 369 1231 407 influxu
1262 373 1371 408 amico
1400 373 1535 418 juvent,
1570 380 1660 415 mala

219 438 365 471 quaeque
385 432 548 467 avertant,
573 432 607 461 et
630 427 719 462 bona
740 425 878 471 quaevis
901 425 1093 471 largiantur.

304 516 490 554 Mercurium
511 518 649 565 stropha
673 522 781 564 quarta
811 523 909 564 rogat
938 525 1036 566 poeta
1058 526 1187 561 noster,
1221 527 1258 556 ut
1281 523 1479 561 Germaniae
1502 529 1605 568 artes,
1628 535 1663 564 et

212 573 364 611 scientias
386 576 525 614 inferat:

554 636 689 681 Quique
712 639 886 670 contectus
910 635 1000 670 vafer
1023 646 1060 670 es
1082 635 1197 680 galero

556 694 672 746 Al'ffr
692 693 823 738 linguas
848 693 986 733 doceas,
1011 697 1046 727 et
1067 699 1153 728 artes

513 755 518 760 ⁴
551 751 597 786 Et
620 750 731 795 lyram
753 754 888 784 nostras
911 748 1029 784 fidibus
1053 749 1188 784 canoris

922 805 1009 843 Infer
1041 806 1084 842 ad
1108 817 1195 843 oras.

1363 634 1383 642 a

321 903 439 938 Octava
471 906 587 936 autem
615 898 768 944 stropha,
807 909 893 944 quae
924 897 1090 935 succedit.
1136 895 1254 945 <¹J'ovem
1283 899 1470 945 alloquens,
1513 908 1664 947 precatur

215 961 361 996 salutem
385 963 420 993 e't
442 956 706 993 incolumitatem
730 956 920 1001 imperatori
941 954 1178 994 Maximiliano:

556 1027 681 1075 Jupiter
704 1033 794 1063 totus
817 1029 900 1064 duce
922 1038 989 1072 quo
1013 1030 1082 1061 stat
1101 1026 1197 1066 orbis,

557 1085 739 1120 Maximum
763 1096 876 1120 serves
901 1094 983 1129 rogo
1006 1083 1215 1124 Aemilianum,

555 1141 619 1182 Qui
644 1151 722 1176 suas
745 1146 851 1176 terras
873 1142 979 1184 regit,
1011 1146 1051 1174 ut
1075 1146 1134 1175 tuo
1157 1147 1195 1175 tu

639 1228 662 1249 ⁴2
884 1197 1031 1236 Numine
1053 1197 1192 1233 coelum.

302 1290 543 1327 posterioribus
565 1290 691 1331 duabus
711 1290 857 1337 strophis
879 1291 1042 1341 convertit
1066 1300 1104 1326 se
1126 1295 1225 1336 poeta
1248 1290 1289 1326 ad
1309 1291 1430 1333 Deum,
1465 1302 1506 1328 ac
1529 1302 1663 1328 carmen

210 1351 257 1384 ita
280 1349 418 1385 claudit:

558 1403 692 1446 Tuque.
724 1413 792 1447 quo
814 1407 970 1437 constant
992 1403 1185 1446 vagabunda
1206 1404 1292 1438 coeli

556 1458 704 1505 Sydera,
739 1465 774 1495 et
797 1459 954 1507 quidquid
976 1458 1144 1506 spatiosus
1166 1459 1253 1496 orbis

557 1518 728 1560 Continet,
751 1519 874 1555 nostris
897 1518 1050 1567 precibus
1073 1518 1233 1563 benignas

875 1577 943 1612 Doe
969 1585 1087 1622 precor
1109 1585 1215 1611 aures.

554 1659 627 1694 Nos
650 1663 745 1694 tuum
769 1670 895 1695 nomen
914 1659 1019 1703 sugit,
1051 1664 1087 1694 et
1109 1663 1268 1704 potestas,

551 1715 712 1760 Quisquis
735 1725 773 1749 es
786 1741 796 1757 ,
830 1725 935 1750 curas·
949 1715 1073 1750 habeas
1098 1716 1260 1759 benignas

553 1772 667 1808 Rebus
687 1770 884 1809 Almannis:
913 1772 973 1808 tibi
996 1772 1104 1808 multa
1125 1770 1259 1807 fumant

893 1829 1041 1879 *Templa
1064 1838 1122 1874 per
1146 1828 1256 1864 urb&-

300 1934 443 1970 Videtur
460 1932 604 1970 Celtis.
627 1934 712 1970 dum
730 1933 772 1970 de
786 1934 858 1971 Deo
874 1934 1031 1976 canebam
1054 1931 1125 1968 Nos
1143 1936 1223 1967 tuum
1238 1942 1337 1967 nomm
1352 1930 1451 1977 sugit,
1473 1934 1502 1965 et
1512 1933 1660 1976 potestas:

213 1987 354 2035 Quisquis
375 2001 403 2022 es
431 1996 482 2026 etc.
521 1993 708 2038 respexisse
733 1993 861 2029 dictum
881 1990 1046 2029 Simonidis
1068 1989 1155 2035 apud
1182 1988 1326 2029 Tamum,-
1357 1994 1415 2024 aut
1437 1988 1518 2024 illud
1547 1985 1661 2021 Tmen·

208 2046 301 2093 apud
324 2046 495 2081 Platonem:
542 2047 626 2093 Quid
652 2050 738 2085 Deus
767 2062 825 2086 non
846 2052 904 2087 sit.
938 2050 1017 2087 seim·
1071 2046 1143 2092 quid
1169 2053 1263 2083 autem
1289 2048 1346 2089 sit,
1379 2046 1484 2082 nescio.
1530 2042 1658 2091 Eodem

203 2104 273 2143 fere
296 2104 394 2145 redit,
418 2105 507 2149 quod
529 2104 702 2152 Dionysius,
735 2109 791 2146 vel
813 2107 964 2154 quisqms
984 2110 1100 2147 auctor
1114 2105 1332 2146 Christianus,
1355 2101 1519 2142 scribebat
1531 2098 1611 2146 Cap·
1628 2108 1658 2137 1·
