1832 2463
725 174 843 206 onus
870 172 1105 202 Roswrrkut.
1596 163 1641 195 85

642 265 1195 293 CONR·Anus10'zLTxS.

401 328 440 366 Si
461 326 562 375 proba
583 327 833 374 magniloqumn
853 338 979 373 cogens
1007 332 1149 364 centone
1172 323 1338 367 Maronem,

484 383 715 432 Atque'aluit.
747 386 882 422 doctum
903 396 987 430 quos
1009 385 1131 421 tulerat
1153 383 1308 422 Latium:

389 445 490 482 Hanc
511 450 662 481 nostiam
683 443 830 487 legerent
850 444 984 479 Saxono
1007 443 1168 489 sanguine
1188 448 1332 478 cretam:

485 502 629 540 Nostrae
651 500 849 535 laudassent
871 501 1019 536 carmine
1041 501 1130 536 vatis
1151 495 1244 545 opus.

282 572 346 608 Cel
351 578 417 608 tem
436 572 540 607 fuisse
552 570 732 616 principem
745 569 941 607 Damabianize
955 571 1158 613 Sodaffitatis,
1175 569 1457 616 quemadmodum
1472 568 1641 606 Bohustaus

187 630 422 665 Hassmsteinius
449 625 701 674 Lhacopoutanae,
732 629 831 664 tradit
862 628 1086 665 Mellerstadius
1118 630 1154 664 in
1183 629 1382 664 Laconismo
1412 629 1642 664 tumultuario.

185 687 290 727 Adest,
313 687 430 732 inquit,
453 686 598 721 litteraria
618 684 764 731 phalanx,
784 684 977 728 Dmbiana,
995 685 1297 733 Lmopotitanaquu
1319 697 1442 730 quarum
1455 688 1642 730 imperatores

186 751 215 780 et
230 745 373 791 praeficti
392 745 520 779 existunt
544 742 745 778 Conradus
768 741 907 785 Celtis,
937 750 966 778 et
987 742 1110 778 illustris
1132 742 1181 778 iae
1201 741 1371 778 Bohustaus
1392 742 1639 782 Harsmteinius,

186 803 236 848 qui
263 813 353 847 nuper
381 801 524 836 communi
550 800 711 845 sufflagio,
743 806 907 848 postquam
920 799 1095 838 Matthaeus
1117 799 1268 846 Lupims,
1300 799 1354 836 heu
1383 801 1505 836 nimium
1531 804 1643 835 mamre

191 859 306 903 occidit,
327 870 389 895 eam
410 859 621 904 praeficmram
642 856 849 892 administrare
870 859 967 902 coepit.

644 964 852 998 JOANNES
881 964 1169 990 LATERANus.

559 1035 707 1071 Olimin
728 1034 853 1071 Atetoa
874 1041 1035 1081 generata
1058 1043 1148 1073 terra

557 1092 711 1129 Saxonae
732 1093 843 1139 gentis
867 1105 1030 1138 generosa
1053 1095 1160 1140 virgo,

557 1149 658 1194 Cujus
680 1150 853 1193 antiquum
877 1155 1083 1185 memoratur
1104 1161 1180 1184 esse

879 1204 1036 1241 Romitha
1058 1217 1191 1241 nomen.

557 1275 617 1311 Illa
639 1275 769 1311 divinos
790 1275 909 1311 cecinit
931 1277 1067 1318 calores,

558 1333 747 1379 Martyrum
769 1333 896 1370 faustas
923 1335 1094 1371 modulata
1116 1335 1211 1376 vitas,

562 1389 646 1426 Arte
669 1402 771 1435 quam
794 1402 934 1435 magna,
969 1392 1197 1439 Druidumque
1219 1397 1314 1438 gesta

886 1449 993 1485 Docta
1016 1456 1175 1486 recenset·

562 1520 672 1560 Quam
695 1530 791 1555 sacro
813 1520 935 1555 denam
957 1532 1094 1556 numero
1115 1531 1267 1556 sororum

561 1576 712 1611 Phoebus
735 1576 908 1622 adscripsit
930 1577 1092 1613 miserans
1114 1579 1271 1617 laborum.

562 1634 607 1668 Et
630 1634 692 1669 sibi
715 1634 834 1679 dignos
856 1636 1031 1670 cumulans
1054 1636 1196 1671 honores

881 1691 995 1724 Laude
1017 1692 1161 1735 perenni.

282 1755 444 1801 Nuspiam
458 1756 570 1792 inveni
586 1757 787 1793 mentionem
804 1758 949 1805 anquam
965 1762 1006 1796 de
1018 1757 1144 1807 ζ,ῗοαηηε
1156 1759 1305 1794 Laterum
1323 1756 1483 1803 (fortasse
1499 1754 1645 1802 Zieglerj

193 1814 277 1860 apud
290 1813 496 1860 biographos,
520 1825 605 1860 quos
621 1815 656 1851 in
670 1821 821 1863 promptu
838 1818 953 1854 habeo.
1001 1820 1054 1855 Ex
1067 1817 1207 1867 ffoannis
1224 1824 1336 1853 tamen
1355 1815 1490 1851 Werneri
1502 1814 1645 1860 epistola
1660 1838 1661 1841 η

193 1873 239 1908 ad·
257 1870 394 1906 Celtem
423 1883 478 1907 an.
503 1875 586 1907 1501
620 1874 803 1920 colligitur,
839 1876 944 1911 fuisse
964 1875 1029 1925 30.
1047 1876 1226 1912 Lateranum
1257 1877 1445 1910 matheseos
1473 1873 1507 1907 in
1528 1872 1647 1917 primis

193 1929 388 1970 studiosum»
412 1929 631 1977 peritumque,
656 1934 838 1979 eodemque
860 1944 950 1969 anno
979 1936 1076 1976 150¹,
1100 1946 1165 1980 quo
1186 1934 1295 1979 Opera
1309 1930 1478 1968 Roswithae
1499 1930 1650 1966 carmine

197 1999 258 2024 suo
281 1987 446 2033 Sapphico
468 1989 612 2030 ornavit,
644 1991 716 2027 vita
746 1991 849 2027 fuisse
874 1992 1032 2029 iunctum.
1080 1993 1221 2028 Constat
1250 2004 1292 2027 ex
1313 1993 1433 2028 eadem
1457 1988 1652 2026 Werneriana

195 2046 342 2093 epistola,
365 2042 490 2093 (Joanni
502 2044 651 2082 Laterano
670 2048 777 2084 fiiisse
798 2049 931 2086 fratrem
954 2047 1110 2098 Ε*Ϊαεοὸιιηι
1133 2048 1274 2095 dictum,
1299 2050 1371 2096 qui‚-
1394 2062 1472 2086 cum
1505 2048 1651 2084 Viennam

197 2104 317 2147 abiret,
352 2102 452 2140 Celti
478 2103 661 2151 impensius
682 2106 787 2159 fuerit
809 2109 1062 2145 commendatus
1091 2120 1113 2144 a
1134 2106 1198 2156 3⁰·
1219 2107 1382 2151 Wernero,
1414 2110 1473 2155 qui
1495 2115 1649 2148 testam,
