1832 2463
744 161 749 169 ›
775 150 893 176 nunus
916 148 1068 175 mame.
1607 150 1655 183 97
1700 133 1706 137 ”

198 232 398 270 mametris
427 235 602 271 contextus
621 235 673 267 est
692 230 788 267 Actus
806 234 928 277 primus.
943 194 1048 268 &Nos
1070 241 1168 271 vero,
1198 232 1228 266 si
1252 232 1330 277 quid
1352 233 1503 278 sapimus
1531 236 1566 271 in
1591 238 1658 274 hoc
1691 273 1695 278 ,

174 338 177 339 ⁷
197 290 388 326 studiorum.
404 299 536 335 genere,
568 290 660 325 idem
677 290 745 325 fere
763 290 945 334 generatim
967 289 1195 324 affirmandum
1218 301 1293 324 esse
1316 302 1494 328 censemus
1517 294 1560 329 de
1580 306 1654 330 ver.

197 346 290 381 sibus
313 347 483 392 elegiacis,
514 346 574 391 qui
602 347 637 381 in
659 347 724 381 hoc
747 347 824 381 ludo
846 351 1035 380 occurrunt.
1084 346 1199 389 Neque
1224 348 1265 381 de
1287 347 1389 383 Musa
1414 342 1551 394 Longini
1580 359 1651 387 tam

196 410 377 439 senserunt.
392 403 561 439 humiliter
579 403 645 439 viri
656 404 761 442 docti,
771 402 914 437 Hmrtius
937 402 959 436 1.
974 412 1003 435 c.
1029 407 1063 435 et
1076 400 1389 441 Bil..Pirckheimerus‚
1409 406 1466 450 qui
1478 405 1655 453 Longinam

198 461 410 496 commendat
431 461 472 496 ab
494 460 695 508 eruditione,
719 459 830 494 studio
853 458 1011 503 poetices,
1031 463 1066 492 et
1089 458 1237 503 ingeni03
1266 461 1418 497 hortatus
1436 465 1589 506 eundem,
1614 474 1656 502 ut

197 518 233 552 in
256 518 406 564 pellenda
439 528 460 551 a
481 516 658 552 Germanis
684 516 832 551 barbarie
859 522 993 551 strenue
1023 523 1146 560 pergat.
1193 518 1312 553 Confer
1334 530 1383 565 ep.
1409 520 1583 560 Pirckheim.
1608 525 1653 560 ad

196 573 380 620 Longinum,
411 575 446 608 in
470 571 631 618 operibus'
648 572 818 608 chktoeim.
839 573 918 608 hist.
943 584 993 618 ep.
1021 571 1156 609 Goidast.

290 666 484 710 Largiamur
505 670 637 706 autem,
661 665 748 710 quod
771 665 842 701 vult
863 676 1064 711 anonymus,
1088 676 1164 701 esse
1186 666 1220 700 in
1240 679 1280 701 eo
1306 667 1427 704 Dianae
1445 671 1524 707 l'udo
1544 674 1652 717 plura,

198 734 283 767 quae
300 721 484 760 offendant,
504 721 635 766 jejuna,
658 722 785 762 hiulca,
807 732 935 766 aspera.
982 723 1072 757 Num
1096 728 1266 767 propterea
1292 723 1396 760 Celti
1417 728 1562 764 adscribi
1582 743 1650 766 non

196 778 367 825 possunt?
413 778 519 814 Dubio
543 785 649 820 caret,
673 779 778 814 multa·
802 790 876 814 esse
898 780 932 814 in
958 777 1079 813 Celtis
1101 779 1317 820 carminibus,
1342 792 1426 826 quae
1452 785 1542 821 haud
1565 789 1655 823 satis·

195 835 313 870 nitent.
336 836 445 870 Etiam
464 837 571 872 bonus
587 836 753 870 interdum
766 836 923 870 dormitat
937 836 1099 874 Hmnmn
1125 837 1341 881 reprehensus
1362 850 1382 873 a
1398 840 1653 885 delicatioribus;

196 899 255 927 aut
276 892 441 936 rigidioris
461 893 575 938 virgae
587 891 781 926 Aristarchis.
829 892 1064 931 Permittamus
1089 894 1234 933 demum,
1261 895 1439 931 contulisse
1463 901 1653 942 symbolam

197 948 391 994 Longinum.-
416 950 540 995 primas
563 957 677 985 tamen
700 948 956 995 pofissimasque
972 955 1083 995 partes
1102 948 1137 984 in
1155 951 1247 985 omni
1269 951 1334 987 hoc
1348 955 1481 997 negotio
1498 956 1653 994 habuisse

197 1005 368 1045 Celtem,'
383 1008 618 1055 ambigendum
642 1019 709 1042 non
732 1013 795 1047 est,
820 1008 940 1052 quippe
964 1006 1057 1051 cujus
1077 1008 1224 1049 consilio,
1249 1009 1398 1049 hortatu,
1429 1023 1527 1056 opera
1551 1014 1652 1049 ludus

192 1063 414 1108 compositus,
442 1072 559 1106 actus,
591 1065 748 1110 typisque
770 1066 948 1100 mandatus
974 1064 1089 1107 fuerit,·
1120 1071 1158 1099 ut
1179 1067 1262 1100 adeo
1285 1066 1426 1109 honore,
1460 1080 1558 1113 quem
1580 1073 1649 1107 suis

193 1121 257 1156 sibi
277 1121 402 1156 meritis
425 1123 646 1167 comparavit,
677 1121 857 1162 defiaudari
875 1120 951 1165 jure
973 1122 1064 1155 haud
1087 1122 1203 1165 possit.
1234 1159 1240 1166 θ

212 1205 217 1209 ’
257 1212 260 1216 “
283 1212 483 1258 Priusquam
505 1210 604 1252 Iudam
617 1211 737 1245 Dianae
759 1211 984 1250 dimittamus,
1019 1212 1280 1254 praetermittere
1303 1212 1456 1248 hocloco
1479 1226 1547 1251 non
1566 1227 1644 1261 pos-

192 1281 321 1312 sumus,
346 1281 429 1316 quae
450 1268 519 1304 Cel
525 1269 577 1303 tis
599 1268 717 1303 merita
737 1268 879 1303 attinent
901 1268 935 1302 in
949 1267 1066 1312 poesin
1089 1268 1262 1308 comicam,
1287 1276 1347 1304 aut
1365 1270 1514 1306 scenicos
1535 1272 1643 1308 ludos.

190 1318 320 1369 Primus,
344 1335 382 1363 ut
406 1327 506 1362 tradit
529 1326 569 1360 de
586 1325 651 1360 Cel
657 1331 690 1360 te
710 1326 744 1360 in
758 1325 831 1370 ejus
845 1325 915 1360 vita
937 1326 1094 1360 sodalitas
1114 1326 1273 1361 litteraria
1287 1327 1457 1367 Rhenana‚
1481 1329 1644 1364 comoedias

189 1385 396 1430 &tragoedias
418 1386 449 1417 in
467 1382 590 1428 publicis
612 1384 688 1416 aulis
708 1388 832 1416 veterum
854 1393 932 1415 more
954 1384 1025 1426 egit.
1071 1384 1145 1422 Qua
1167 1384 1208 1417 de
1229 1394 1265 1416 re
1290 1393 1377 1417 anno
1399 1386 1499 1423 1502,
1522 1387 1577 1421 fol.
1592 1395 1645 1429 58.

189 1440 286 1477 Actis
308 1453 389 1477 msc.
410 1442 598 1477 academiae
610 1440 877 1477 Vindobonensis
894 1436 1077 1474 Guithelmus
1088 1438 1257 1484 Puelinger,
1273 1440 1490 1482 Pamviensis,
1509 1442 1647 1479 Artium

191 1504 226 1532 et
249 1499 433 1534 Medicinae
450 1499 584 1538 Doctor,
608 1503 649 1533 et‘
666 1498 855 1532 academiae
871 1497 1010 1532 Rector‚
1035 1504 1213 1541 postquam
1236 1497 1425 1531 felicitatem
1446 1504 1641 1541 temporum,

189 1567 229 1592 ac
253 1557 435 1593 studiorum
459 1556 523 1592 sub
542 1554 759 1590 Maximiliano
772 1552 799 1589 I.
822 1552 1102 1590 reflorescentium
1125 1553 1369 1599 progressiones
1392 1553 1645 1599 pmedicaverat‚

187 1623 291 1647 manu
313 1623 378 1646 sua
399 1614 482 1646 haec
504 1612 699 1655 adscripsit:
730 1611 813 1647 Erat
829 1613 961 1655 profic-to
983 1613 1120 1645 memoria
1143 1610 1330 1655 dignissimus
1352 1617 1452 1650 actus,
1476 1619 1562 1647 antea
1587 1624 1645 1650 non

188 1671 269 1705 visus
290 1680 312 1702 a
333 1681 394 1709 me,
419 1678 505 1713 neque
527 1668 647 1702 ceteris:
670 1666 841 1716 comoediae
854 1669 957 1711 plures
976 1668 1016 1701 in*
1029 1666 1099 1700 aula
1127 1666 1352 1707 Universitatis,
1378 1680 1422 1702 me
1444 1675 1594 1711 annuente,
1618 1677 1648 1706 et

188 1733 222 1761 ut
237 1728 397 1771 plurimum
415 1730 582 1770 praesente,
606 1735 784 1769 pmpueros
806 1724 960 1764 recitatae,
999 1734 1036 1757 ac
1056 1724 1166 1757 scenico
1188 1725 1297 1769 plausu
1315 1733 1543 1770 repraesentatae
1566 1736 1647 1764 sunt.-

188 1784 346 1820 Exhibuit
372 1781 501 1816 Celtis
524 1794 590 1818 non
613 1781 801 1817 comoedias
824 1781 941 1819 solum,
967 1787 1002 1816 et
1024 1781 1211 1825 tragoedias
1236 1789 1353 1827 suopte
1377 1783 1510 1827 ingenio
1533 1786 1644 1821 elabo-

187 1847 277 1876 ratas
289 1851 303 1883 ;.
330 1839 388 1874 sed
415 1844 564 1875 veterum
596 1839 697 1875 etiam
728 1838 877 1884 probatos
906 1836 1024 1873 ludos:
1057 1839 1102 1873 ad
1131 1849 1215 1882 quos
1248 1844 1448 1883 spectatores
1486 1841 1650 1878 invitavit

188 1897 295 1934 affixis
314 1897 571 1943 epigrammatis.
616 1898 723 1933 Hanc
745 1896 779 1931 in
802 1906 871 1931 rem
894 1902 1071 1932 occurrunt
1092 1896 1126 1930 in
1154 1895 1244 1930 libris
1268 1896 1549 1940 epigrammatum
1573 1901 1645 1946 epi·
1665 1906 1672 1912 ·

186 1961 372 2001 grammata
391 1955 456 1990 duo
463 1965 474 1997 ;
505 1964 648 1998 quorum
669 1954 772 1989 altero
795 1954 1017 1996 denuntiabat,
1040 1953 1258 1989 exhibendam
1272 1963 1346 1988 esse
1369 1953 1404 1988 in
1427 1955 1504 1991 aula
1527 1959 1645 1994 acade-

189 2014 277 2050 mica
299 2011 488 2048 Aulzdarium
509 2009 654 2054 Termtii;
690 2012 793 2047 altero
822 2016 937 2046 autem
966 2010 1169 2047 comoediam
1192 2010 1333 2046 Eunuchi
1362 2010 1565 2050 Terentianum
1587 2027 1648 2052 an-

187 2072 360 2112 nuntiavit,
380 2070 542 2117 jussitque
558 2075 768 2121 spectatores,
793 2074 831 2104 ut
854 2069 966 2105 adsint
986 2076 1062 2115 post
1077 2069 1252 2106 meridiem
1276 2070 1361 2105 hora
1381 2071 1499 2116 prima,
1520 2073 1555 2108 in
1571 2075 1652 2111 aula

731 2126 739 2134 '
1388 2128 1431 2161 14
