1832 2463
228 130 281 167 66·
769 133 841 176 tn,
866 133 911 159 ιι.
965 133 1044 161 ωε.
1069 123 1142 161 x'u}

231 219 411 259 litterariae
450 214 629 256 sodalitatis
669 211 890 249 Germanicae
930 213 1200 261 inscriptionibus
1242 212 1485 262 subjungimur
1517 217 1672 254 versiculi

232 284 363 326 septem
380 276 514 324 Jambici
534 270 684 318 generis,
719 271 776 317 qui
797 276 973 308 versantur
995 271 1031 307 in
1053 271 1227 318 indicando
1248 271 1372 308 celebri
1399 274 1511 318 aliquo
1535 286 1673 312 numero

231 334 436 382 septenario,
473 331 564 367 velut
595 335 726 375 septem
754 328 955 375 sapientum
982 328 1175 370 Graeciae,
1188 324 1332 375 ‘septem
1365 330 1501 366 collium
1532 332 1670 372 Romae,

229 398 354 439 septem
374 389 506 425 urbium
531 386 732 424 Germaniae
753 387 1087 432 metropoliticamm3
1116 391 1152 423 et
1172 385 1221 422 sic
1244 386 1407 433 deinceps.
1439 387 1506 424 ,Sit
1527 389 1671 435 exempli

229 449 302 487 loco
322 456 475 491 carmen,
498 444 595 492 'quod
616 449 671 480 est
692 443 889 490 adjunctum
911 445 1065 481 sodalitio
1087 445 1248 481 Panerano
1273 443 1414 481 Codoneo.

712 573 937 599 forannanus
963 556 1169 600 conomius.

546 642 820 689 metropolitanas
841 645 935 680 ferox
957 643 1156 679 Alemannia

545 700 651 736 Urbes
674 700 775 737 habet
796 707 935 747 septem,
959 704 999 735 ut
1021 700 1140 735 domus
1161 698 1322 734 Romulea

544 758 583 794 ln
605 757 742 795 collibus
767 765 905 804 septena
929 757 1052 802 templa
1077 756 1234 792 condidit.

553 812 687 850 Treveris
707 816 881 856 vetustior,
906 820 942 850 at
964 814 1064 850 ditior
1091 812 1224 852 Colonia,

550 873 595 908 Et
618 873 791 908 Saxonum
813 873 908 907 terris
931 869 1174 915 magdeburgum
1197 869 1314 911 nobile,

549 928 595 963 Et
617 928 776 963 littorales
801 928 959 963 arctimm
981 938 1082 972 prope
1104 927 1272 962 circulum·

552 983 726 1026 stenaemis,
751 991 787 1020 et
804 984 955 1030 ffigensis,
980 985 1058 1021 urbs
1082 984 1331 1021 Sauromatum.

329 1078 414 1115 Cum
445 1080 511 1116 hae
542 1093 609 1116 non
638 1083 707 1118 sint
736 1082 799 1117 nisi
830 1082 977 1126 quinque
1005 1081 1158 1116 civitates
1194 1078 1453 1125 Metropoliticae:
1493 1077 1680 1112 versiculus

228 1135 360 1179 quintus
384 1135 420 1169 in
439 1135 510 1171 Lib.
527 1135 646 1180 Epod„
672 1137 730 1171 ubi
753 1137 840 1171 idem
865 1147 999 1171 carmen
1022 1137 1125 1177 redit,
1151 1137 1360 1175 emendatuS,
1384 1134 1570 1171 civitatibus
1592 1134 1674 1167 dua—

225 1192 284 1227 bus
312 1190 446 1233 additis,
482 1189 657 1239 Salisburgo
683 1192 860 1233 nimirum,
891 1198 925 1228 et
948 1189 1129 1239 Magantia,
1172 1193 1263 1229 hunc
1293 1192 1328 1228 in
1358 1192 1500 1228 modum
1531 1190 1675 1237 legitur:

224 1249 271 1285 Et
292 1248 520 1295 Salcebmgum,
544 1249 755 1296 Magdeburg,
779 1250 951 1296 Moguntia.

318 1342 402 1377 Erat
427 1340 572 1382 Celtis,
606 1343 695 1378 bono
718 1343 937 1384 Germaniae,
966 1355 1006 1378 ac
1028 1343 1077 1379 rei
1098 1339 1277 1378 litterariae
1299 1340 1475 1378 commodo
1506 1340 1674 1386 inquietus

224 1399 328 1433 homo
335 1409 345 1441 3
378 1397 439 1442 qui
462 1408 583 1433 omnes
606 1404 641 1432 et
657 1399 770 1433 omnia
792 1401 909 1439 movit,
930 1405 971 1433 ut
989 1400 1173 1436 barbariem
1195 1399 1329 1443 pelleret
1351 1409 1394 1432 ex
1407 1397 1530 1432 scholis
1548 1396 1677 1441 patriis,

225 1455 406 1501 exulesque
427 1465 469 1490 ac
492 1461 703 1501 contemptas
727 1457 843 1492 Musas
865 1457 901 1492 in
923 1458 1108 1495 Germanas
1132 1460 1238 1491 terras
1259 1455 1439 1495 reduceret,
1462 1454 1677 1500 redderetque

227 1513 415 1558 splendori,
442 1523 483 1548 ac
505 1513 662 1556 dignitati
683 1524 774 1549 suae.
820 1515 900 1555 Qui,
923 1525 1001 1550 cum
1022 1520 1118 1549 tanto
1143 1514 1235 1559 operi
1256 1524 1294 1548 se
1316 1512 1425 1548 solum
1448 1522 1561 1558 parem
1584 1511 1676 1548 haud

230 1580 305 1606 esse
327 1575 560 1615 cognosceret,
584 1581 627 1605 ex
651 1572 742 1607 omni
763 1571 831 1608 late
854 1573 1032 1608 Germania
1053 1572 1183 1608 sodales
1205 1570 1407 1617 conscripsit,
1430 1569 1575 1615 ingenio,
1599 1579 1677 1604 eru-

228 1628 372 1668 ditione,
395 1638 438 1663 ac
451 1628 637 1674 -multiplici
659 1630 809 1665 doctrina
831 1631 950 1671 claros,
974 1632 1032 1676 qui
1054 1630 1236 1676 conjunctis
1261 1640 1375 1665 secum
1398 1628 1531 1668 studiis,
1549 1627 1674 1673 junctis

228 1685 367 1725 viribus.
391 1686 550 1729 sociaque
572 1697 672 1730 opera
695 1687 730 1722 id
753 1688 880 1731 negotii
903 1688 1119 1733 susciperent.
1165 1687 1270 1727 Unde,
1293 1691 1431 1733 auctore
1453 1683 1675 1730 potissimum

225 1753 267 1777 ac
290 1741 459 1778 hortatore
484 1740 618 1781 cette,
647 1742 683 1777 in
703 1744 882 1780 Germania
913 1751 1011 1781 natae
1040 1749 1117 1780 sunt
1146 1743 1261 1779 seculo
1284 1743 1361 1779 XV.
1389 1741 1466 1777 illae
1495 1740 1674 1777 litterariae

224 1799 431 1840 sodalitates,
456 1810 539 1845 quas
562 1799 650 1835 iuter
670 1799 767 1837 facile
789 1808 883 1839 erant
904 1802 1152 1841 celeberrimae,
1180 1798 1334 1841 menam,
1357 1804 1458 1844 atque
1480 1798 1674 1845 Danubiana.

319 1892 433 1946 Nulla·
452 1893 521 1928 fere
544 1892 684 1929 scientia
706 1900 793 1938 emt,
826 1906 880 1931 ars
912 1901 972 1932 aut
994 1894 1170 1940 disciplina
1196 1893 1362 1934 liberalis,
1391 1904 1492 1940 quam
1522 1892 1672 1928 excolere

229 1949 438 1994 diligentius,
470 1961 509 1985 ac
532 1952 644 1987 natIvo
664 1952 836 1990 restituere
858 1955 957 1991 nitori
980 1965 1050 1990 non
1072 1962 1282 1999 summopere
1304 1950 1529 1988 adniterentur
1552 1950 1674 1986 littera-

229 2017 305 2042 rum
329 2009 573 2054 renascentium
603 2011 822 2048 confoederati
847 2018 1101 2049 restauratores.
1158 2010 1282 2047 Exorsi
1305 2021 1326 2045 a
1347 2010 1520 2045 doctarum
1541 2008 1673 2053 lingua-

229 2075 306 2101 rum
329 2066 445 2107 studis,
470 2068 558 2112 quod
580 2068 805 2116 cujuscunque
824 2071 992 2109 doctrinae
1014 2069 1177 2108 solidioris
1201 2069 1456 2119 fundamentum
1477 2072 1552 2117 est„
1570 2071 1672 2111 atque
