1832 2463
218 154 265 189 72
783 164 853 189 ιιι.
879 144 926 188 η(
966 163 1054 189 cnr
1067 163 1140 189 xri.

284 245 286 249 ’
315 245 475 292 Ejusdem
495 245 562 280 fere
582 242 768 288 argumenti
791 248 845 278 est
866 242 973 296 oratio
995 237 1030 279 S.
1051 236 1168 278 'Basilii
1203 245 1250 279 M.
1280 246 1323 279 de
1345 249 1468 283 studiis
1491 257 1664 296 poetarum

222 309 258 340 et
281 309 457 342 oratorum,
480 300 619 337 seorsim
644 311 712 335 non
735 299 841 335 semel
862 299 962 342 edita,
984 300 1027 336 ad
1046 300 1188 336 eandem
1209 303 1450 340 retundendam
1475 312 1665 353 expostula-

223 362 357 397 tionem.
400 359 496 405 Apud
525 354 712 402 neophitum
733 356 892 393 Sincemn-
922 369 962 404 p:
980 369 1033 394 ιο.
1065 359 1101 395 Ρ.
1125 358 1180 394 111.
1220 359 1326 396 Notit.
1352 361 1430 398 hist.
1455 364 1535 412 crit·
1565 366 1666 411 longa

221 423 408 453 recensetur
428 416 530 451 series
553 424 685 455 eorum,
710 416 768 460 qui
789 423 1024 461 exposuerunt,
1046 417 1113 461 qua
1134 416 1263 451 ratione
1287 417 1402 459 liceat,
1426 430 1469 454 ex
1491 422 1665 464 gentilium

219 474 372 513 librorum
403 472 545 508 lectione
575 472 760 518 profectum
791 482 916 518 capere.
989 473 1066 509 Huc
1095 479 1293 509 revocantur
1317 473 1454 518 δέοᾶίω,
1485 476 1666 520 Dimrims,

218 529 413 570 &lma-ms,
452 527 643 571 einhardus,
687 529 832 566 Cimdius
852 529 1056 578 Espencaeus,
1090 524 1229 573 Aretias,
1267 531 1470 579 Rhodigimcs,
1507 534 1665 577 Hes-tetius,

217 584 299 635 ἆσαι.
317 584 455 622 Galensis
478 587 609 633 Anglus
632 594 696 623 etc.
1595 586 1597 590 '

316 706 358 743 V.
405 707 565 753 Opusculi
588 707 758 745 clausulaz
795 706 971 754 Impresmm
986 705 1129 742 mennae
1154 706 1242 742 ductu
1268 705 1399 743 Cmnradi
1424 706 1547 745 Celtis
1575 695 1667 746 Αἶπυ

216 762 378 798 munima
402 763 638 809 Quingentesimo
658 764 791 799 secrdari.
861 764 1005 798 Dmisius
1025 765 1139 798 addit:
1173 760 1419 808 Winterburgeri
1449 766 1666 811 Typographi
1699 767 1705 770 ’

218 818 431 856 characteribus
458 821 571 866 somnae
597 822 730 857 minoris.
800 821 882 858 Post
911 819 1072 858 Schierium
1106 815 1279 857 adnfflvit
1309 820 1450 856 Denisius
1483 821 1666 864 Maitlairii,

218 879 437 924 bibliographi
458 880 548 914 Galli
576 880 707 923 lapsum
736 880 912 923 repetitum
929 904 938 918 .
974 879 1096 922 quiin
1126 879 1267 913 eundem
1297 879 1485 923 impingens
1509 880 1662 924 lapidem,

220 934 328 970 semel
349 935 537 980 iterumque
559 933 792 975 affirmverit,
826 933 965 969 Cenem
993 933 1094 971 fuisse
1124 934 1381 982 typographum.
1438 936 1501 970 Cui
1535 936 1669 982 quidem

219 989 474 1027 hallucinationi
502 1002 620 1026 ansam
642 992 792 1037 praebuit
813 991 870 1027 illa
893 991 1039 1037 phrasim
1068 1001 1153 1036 quae
1181 993 1217 1027 iu
1238 991 1382 1027 clausula
1411 1003 1492 1027 mox
1522 994 1665 1037 allegata
1720 1029 1723 1031 ,

224 1048 385 1083 occurrit:
418 1048 522 1083 Ducm
544 1047 680 1085 Celtis.
745 1050 886 1084 Constat
916 1055 1029 1084 autem
1066 1048 1153 1084 inter
1179 1049 1360 1089 litteratos,
1399 1050 1486 1093 quod
1515 1050 1663 1094 pluribus

220 1105 440 1149 comprobare
457 1106 553 1141 facile
574 1105 676 1145 foret,
701 1117 741 1140 ea
763 1106 917 1150 loquendi
940 1106 1080 1140 formula
1103 1117 1170 1140 non
1193 1105 1287 1140 innui
1310 1107 1551 1151 typographum
1563 1118 1574 1149 ;
1606 1107 1665 1142 sed

220 1161 384 1205 designari
406 1169 598 1197 auctorem.
630 1161 809 1201 editorem,
840 1168 899 1196 aut
922 1161 1026 1196 etiam
1049 1162 1289 1206 redemptorem
1312 1162 1406 1199 libri.
1433 1164 1466 1198 id
1484 1170 1551 1205 est,
1583 1175 1672 1209 eum,

219 1219 278 1263 qui
299 1219 370 1254 suis
392 1218 581 1264 sumptibus
604 1228 689 1263 opus
714 1217 905 1263 publicavit.
952 1217 1070 1263 Aeque
1091 1224 1144 1253 est
1174 1229 1195 1254 a
1217 1229 1296 1253 vero
1319 1219 1483 1257 alienum,
1514 1220 1671 1255 habuisse

223 1274 366 1310 Celtem
395 1274 610 1322 Norimbergae
643 1275 810 1321 propriam
841 1276 1099 1322 typographiam
1118 1301 1128 1315 ,
1167 1276 1401 1322 propriumque
1427 1276 1672 1329 bibliopolium3

221 1335 503 1377 quemadmodum
525 1344 698 1378 perperam
721 1334 833 1369 scribit
858 1331 969 1378 Georg.
992 1331 1108 1370 Mania.
1131 1331 1308 1371 &mim
1331 1345 1364 1378 p.
1383 1345 1439 1378 24.
1470 1334 1617 1380 Anzeige
1631 1336 1671 1372 Π.

224 1387 284 1422 der
305 1388 413 1423 kirch.
435 1389 520 1424 Bibl.
544 1398 587 1422 zu
610 1388 777 1423 Neustadt
798 1399 844 1424 an
866 1390 925 1423 der
945 1388 1061 1425 Aisch.
1517 1423 1519 1425 .
