1832 2463
190 125 231 158 38
732 133 801 158 ιη,
828 133 872 158 11.
919 133 1001 160 car.
1027 138 1107 164 xiv.

187 227 266 253 rum
289 218 391 252 etiam
414 214 581 258 synopsin,
603 212 710 255 qualis
727 211 908 246 comoediis
924 212 1065 256 singulis
1089 215 1235 258 praefixa
1260 219 1469 261 conspicitur
1497 222 1644 257 Dicimus

189 276 312 322 paucis,
336 269 527 308 Comoedias
547 278 621 302 esse
645 278 766 309 sacras,
791 269 825 303 in
847 269 1030 318 iisdemque
1051 270 1197 307 exhiberi
1220 273 1453 310 conversiones
1469 277 1644 316 mirabiles,

190 336 262 370 sive
284 331 324 366 ad
348 329 460 367 fidem,
495 325 566 361 sive
589 327 631 361 ad
653 326 929 371 resipiscentiam.

275 421 338 456 IV.
388 418 578 455 Succedunt
609 416 781 453 Roswithae
811 425 876 454 octo
906 430 1006 454 sacrae
1036 418 1173 456 historiae
1200 432 1274 457 vers.
1295 419 1436 470 hexamet.
1467 430 1495 458 et
1514 432 1641 469 pentum.

180 477 330 514 Historia
371 475 409 520 1)
438 477 565 511 Beatae
588 475 713 511 Mariae
741 477 899 521 Virginis.
956 480 992 518 2)
1026 477 1255 514 Resunectionis
1279 481 1411 514 Domini.
1459 481 1500 526 3)
1527 483 1642 520 Sancti

184 533 336 580 Gangolfi.
384 532 425 578 4)
451 532 484 568 S.
499 532 626 579 Pelagii.
676 532 717 580 5)
739 535 773 570 S.
794 533 953 581 Theophili.
1003 537 1040 576 ⁶)
1063 535 1193 572 Roterii
1212 542 1240 572 et
1262 535 1430 574 SBasilii.
1459 537 1640 583 7)*Passio

180 591 216 628 S.
231 592 385 637 Dionysii.
437 589 476 636 8)
500 592 618 627 Passio
641 589 675 627 S.
689 590 829 637 Agnetis.
1371 624 1373 627 .

272 674 311 709 In
334 673 538 719 praefatione
568 676 673 710 sacris
696 675 791 710 hisce
813 673 960 709 historiis
992 675 1127 719 praevia
1156 675 1240 719 petit
1259 674 1435 714 Roswitha.
1465 678 1642 715 condonari

177 731 242 767 sibi
264 742 286 766 a
308 731 483 766 lectoribus
507 742 648 767 errores,
672 732 707 765 in
730 742 817 776 quos
841 731 1014 775 impegerit
1037 731 1245 775 ignoratione
1268 732 1339 767 sive
1358 740 1551 778 syntaxeos,
1571 736 1641 771 sive

177 787 364 834 prosodiae.
411 787 502 823 Petit
531 790 671 834 pariter,
708 787 933 833 indulgentius
964 789 1019 832 agi
1046 799 1176 829 secum,
1217 789 1246 824 si
1269 790 1401 834 quando
1431 791 1570 835 decepta
1599 784 1641 829 ab

179 844 370 881 auctoribus
393 846 558 881 sublestae
580 845 676 887 fidei,
706 856 726 880 a
748 855 829 881 vero
859 846 1080 881 aberraverit·
1118 847 1274 890 ignorans
1306 847 1427 892 scripta
1455 859 1531 883 esse
1561 859 1640 894 apo-

178 903 322 947 crypha:
349 903 430 936 dum
452 903 631 938 historicas
645 902 708 936 has
723 901 930 936 narrationes
954 912 1072 945 cogere
1096 902 1131 935 in
1151 913 1268 937 versus
1292 905 1401 947 coepit.
1433 904 1553 950 Sperat
1576 905 1639 940 ita-

179 970 244 1004 que
261 958 412 994 veniam:
445 958 524 1002 quia,
550 965 587 994 ut
602 958 720 1003 inquit.
743 960 796 1003 jus
808 958 965 1003 frangitur
988 956 1210 1004 objurgationis,
1246 957 1297 993 ubi
1319 960 1471 995 intervenit
1491 960 1639 997 humilitas

180 1029 232 1050 con
249 1027 377 1051 esszoms.

269 1088 359 1128 Quas
385 1087 539 1124 versibus
562 1086 711 1131 metricis
735 1087 908 1121 contexuit
920 1086 1078 1120 Roswitha
1101 1098 1214 1122 sacras
1230 1087 1455 1133 biographias‚
1478 1091 1635 1136 legendas

174 1145 291 1180 obtulit
316 1142 499 1188 Gerbergae,
523 1136 605 1180 suae
627 1141 808 1182 abbatissae,
839 1140 932 1187 nepti
957 1142 1075 1177 Ottonis
1097 1143 1126 1177 L
1149 1144 1379 1188 imperatoris,
1406 1156 1515 1190 ¹quam
1540 1155 1637 1183 vocat

170 1212 268 1236 suam
292 1199 455 1236 doctricem.
503 1196 699 1244 Elegiacum
722 1210 871 1240 carmen,
902 1210 969 1245 quo
992 1201 1174 1246 magistrae
1199 1211 1374 1238 censuram
1397 1204 1556 1248 discipula
1579 1216 1637 1240 ex·

171 1259 284 1303 petiit,
314 1259 362 1294 ita
385 1254 534 1293 orditur:

455 1343 457 1346 ·
494 1327 594 1363 Salve
613 1328 739 1372 'regalis
762 1328 870 1371 proles
896 1328 1078 1363 clarissima
1104 1329 1219 1374 stirpis

572 1382 719 1426 Gerbirg.
751 1384 887 1417 illustris
907 1385 1052 1419 moribus
1076 1391 1111 1418 et
1130 1386 1261 1418 studiis.

265 1474 484 1520 Argumenta,
509 1484 595 1520 quae
615 1472 753 1519 singulis
772 1472 851 1510 vitis
873 1473 1138 1519 praemittuntur,
1163 1479 1201 1510 ut
1214 1478 1365 1520 apertum
1380 1468 1441 1516 est,
1467 1466 1636 1511 Roswithae

169 1548 237 1571 non
261 1541 340 1570 sunt
347 1546 358 1578 ;
390 1535 466 1575 sed,
492 1534 541 1569 uti
564 1532 842 1581 veri⁵imillimum
864 1539 932 1583 est,
966 1531 1091 1566 Celtis
1113 1533 1259 1568 editoris.
1309 1533 1400 1568 Idem
1423 1535 1633 1570 statuendum

167 1594 208 1629 de
227 1590 445 1638 argumentis,
469 1601 558 1636 quae
580 1590 834 1636 praemittuntur
856 1601 918 1625 sex
937 1589 1145 1635 Comoediis;
1177 1591 1218 1625 de
1240 1590 1357 1635 quibus
1381 1590 1483 1635 paulo
1503 1597 1593 1627 ante.

1535 1646 1564 1664 l

258 1706 303 1742 V.
350 1706 517 1750 Sequitur*
531 1705 732 1750 Panegyricus
754 1715 837 1739 versu
853 1702 1019 1740 hexametro
1041 1705 1073 1739 in
1089 1704 1211 1746 laudem,
1235 1710 1264 1739 et
1276 1710 1359 1750 gesta
1376 1704 1493 1740 Gitonis
1505 1705 1629 1752 Magni,

163 1765 256 1809 primi
276 1764 309 1798 in
336 1760 499 1797 Germania
521 1763 715 1806 imperatoris.

256 1833 295 1869 In
308 1831 512 1878 praefatione
528 1830 680 1877 prosaico
696 1831 901 1878 PanegyrIco
917 1832 1113 1878 praeposita,
1138 1830 1263 1867 indicat
1277 1830 1443 1874 Roswstka,
1468 1832 1503 1868 id
1517 1831 1625 1878 operis

166 1900 201 1923 se
224 1891 425 1935 suscepisse,
458 1890 647 1925 abbatissae
666 1889 774 1934 jussu.
834 1890 992 1931 Queritur.
1023 1890 1065 1924 de
1088 1889 1277 1929 difficultate
1300 1891 1439 1926 laboris:
1474 1901 1515 1925 eo
1539 1889 1627 1934 quod

168 1956 220 1979 res
243 1947 408 1982 maximae
430 1947 499 1982 sint
514 1947 725 1986 enarrandae,
748 1951 864 1990 gestae
888 1948 929 1982 ab
946 1947 1143 1992 imperatore
1163 1947 1330 1983 maximo:
1353 1948 1388 1982 in
1404 1958 1471 1993 quo
1495 1944 1628 1992 quidem

166 2002 328 2038 scribendi
350 2014 468 2048 genere
487 2004 614 2041 nullum
637 2004 808 2040 habuisset
828 2004 965 2042 ducem.
998 2003 1092 2050 cujus
1115 2005 1259 2051 vestigia
1282 2011 1474 2042 sectaretur.
1521 2002 1627 2037 Unice

168 2072 204 2095 se
225 2060 368 2099 solatur.
390 2061 603 2108 animumque
627 2062 743 2109 erigit,
766 2063 857 2109 quod
879 2075 948 2101 non
972 2068 1117 2105 temere,
1148 2075 1212 2101 nec
1233 2069 1354 2111 suopte
1377 2060 1532 2108 ingenim
1566 2061 1624 2095 sed
