1832 2463
187 137 231 175 34
730 146 800 170 un.
827 145 871 170 11.
910 131 994 171 car.
1018 143 1099 170 xrv.

180 233 241 268 sed
264 232 299 267 in
318 243 355 266 re
378 230 528 265 evidente
549 225 702 259 nolumus
725 223 921 268 profflndere
943 215 1052 260 verba.
1100 224 1221 259 Exstat
1239 223 1274 259 in
1297 227 1371 260 cod.
1391 236 1473 268 msc,
1497 228 1635 273 epistola

185 288 378 334 Grom'ngeri,
408 295 493 329 quae
517 280 644 316 Celtis
669 281 710 317 de
733 281 800 317 illo.
809 280 970 327 judicium
993 280 1176 318 confirmat.
1237 281 1322 328 Ejus
1343 281 1503 328 Epitomm
1516 285 1635 321 Gram-

190 347 346 383 maticam
365 342 464 378 refert
491 338 624 375 Wuius.

530 399 540 421 ἲ
655 432 860 468 ,ῙΟΑΝΝΕΒ
883 431 1180 459 WERNBRUS.-

433 491 591 529 Roswitha
615 494 795 529 Germanis
818 506 906 530 nunc
930 495 1079 530 maxima
1100 492 1205 538 gloria
1229 492 1334 530 terris.

523 550 737 587 Carminibus
760 551 875 587 Latios
896 559 1027 588 nectere
1051 552 1149 587 docta
1169 550 1308 585 modos:

431 608 504 643 Nec
527 608 639 643 minus
663 614 699 643 et
722 620 820 644 voces
844 611 1000 645 describit
1023 609 1113 644 culta
1134 607 1274 646 solutas,

528 665 646 703 Libera
674 664 804 700 Terencii
826 666 954 701 comica
977 666 1063 700 facta
1086 674 1238 709 sequens.

267 738 318 772 De
340 734 468 783 ζζῗοαηηι
495 733 655 774 Wemero,
672 768 680 774 ,
695 735 751 779 qui
779 735 885 771 ordini
914 735 1141 770 ecclesiastico
1170 739 1241 770 erat
1264 732 1468 776 adscriptus,
1503 743 1570 766 uno
1597 742 1640 766 ex

179 793 397 831 celeberrimis
417 791 619 828 Germaniae
648 792 916 832 mathematicis,
948 791 1109 827 nonnulla
1138 792 1351 837 supplemus„
1381 799 1468 834 quae
1496 793 1640 833 praeter-

177 851 271 887 misit
299 847 422 884 Wllius
449 849 485 883 in
502 849 625 884 Lexico
637 850 726 885 erud.
740 850 900 890 Norimb.‚
922 849 1111 895 cujusmodi
1130 855 1227 885 suntt
1254 846 1290 894 ι)
1313 847 1417 883 fuisse
1440 857 1521 881 eum
1543 845 1639 880 soda-
1671 848 1673 850 ’

178 902 247 943 lem
269 907 439 942 societatis
462 906 563 941 litter.
587 905 692 940 Celti
699 917 781 943 cae‚·
830 903 870 951 ι)
900 906 1081 951 plurimum
1105 906 1253 942 valuisse
1276 904 1363 951 apud
1385 902 1545 952 ἱ,ῗοαηγιηη
1559 901 1643 936 Dat-

179 957 335 1009 hdrgium
382 960 424 1007 3)
447 974 467 997 a
493 962 604 997 Cette
626 964 806 999 invitatum
834 962 989 1003 Viennam,
1011 969 1050 998 ut
1070 963 1289 1009 professorem
1313 963 1358 998 ibi
1379 967 1493 1007 ageret
1514 960 1642 995 littera-

183 1027 278 1057 turae
293 1021 442 1055 Graecae
449 1031 459 1062 3
501 1018 542 1064 4)
566 1020 601 1055 id
624 1020 773 1056 muneris
798 1023 980 1062 recusasse,
1004 1026 1080 1056 tum
1102 1022 1190 1066 quod
1212 1021 1253 1055 de
1275 1020 1439 1066 stipendio
1463 1030 1531 1053 non
1551 1023 1640 1065 esset

180 1079 263 1112 satis
287 1082 441 1112 cautum:
477 1083 551 1111 tum
576 1079 665 1121 quod
688 1079 817 1119 vetulo,
851 1078 1048 1123 infirmoque
1078 1080 1162 1123 patri
1193 1078 1321 1113 facilius
1344 1076 1496 1121 opitulari
1518 1074 1643 1109 Norim-

178 1133 283 1180 bergae
295 1139 426 1180 posset3
452 1131 493 1177 5)
517 1133 558 1167 ad
575 1134 829 1169 translationem
849 1135 1076 1180 geographiae
1099 1135 1255 1170 habuisse
1271 1146 1310 1171 se
1330 1134 1476 1169 codicem
1485 1132 1643 1167 Ptolemaei
1675 1133 1680 1137 '

179 1204 200 1227 a
226 1191 331 1226 Celte
361 1191 425 1226 sibi
455 1192 724 1234 commodatum;
789 1192 828 1236 ὁ)
865 1203 1008 1237 organum
1037 1193 1119 1228 illud
1149 1193 1185 1227 in
1212 1192 1413 1237 geographia
1442 1192 1643 1229 mirandum,

177 1248 469 1293 utilissimumque,
495 1248 587 1293 quod
602 1247 786 1283 Ptolemaeus
807 1263 1065 1295 permen-norw
1088 1250 1240 1295 appellat,
1264 1260 1306 1284 ex
1321 1249 1463 1284 materia
1485 1259 1523 1283 se
1547 1248 1646 1283 sabri-

177 1316 295 1348 casse3
332 1303 371 1350 7)
395 1305 440 1341 Se
466 1304 533 1339 Cel
540 1306 593 1340 tis
610 1305 732 1350 judicio
753 1306 915 1341 Ptolemaei
936 1308 1188 1348 traductionem,
1211 1317 1282 1342 una
1305 1317 1383 1342 cum
1406 1305 1542 1341 scholiis
1568 1305 1645 1340 sub-

180 1362 371 1396 missurum.
417 1361 514 1395 Haec
537 1363 673 1404 quidem
695 1363 907 1405 potissimum
930 1364 1106 1398 hausimus
1125 1375 1168 1399 ex
1191 1365 1316 1399 duabus
1340 1362 1476 1398 Wernm'
1498 1362 1646 1408 epistolis

185 1418 226 1453 ad
253 1415 399 1452 Celtem
422 1417 458 1452 in
483 1417 555 1452 cod.
570 1427 652 1453 msc.
673 1428 752 1462 epp..
788 1460 793 1466 Ι

341 1533 585 1566 maurinus
612 1534 973 1563 MELLtRsTAnT.
1004 1526 1083 1562 alias
1104 1537 1322 1568 ponemus,
1353 1524 1486 1561 medicus.

441 1593 557 1639 Gloria
580 1601 705 1640 quanta
728 1596 792 1631 suit
814 1597 948 1642 magnis
975 1595 1131 1633 ottonibus
1148 1598 1267 1634 armis:

504 1652 619 1688 Gloria
641 1659 734 1698 tanta
757 1654 816 1689 tibi
839 1654 998 1690 Romitha
1019 1656 1054 1690 in
1078 1655 1227 1691 historia.

277 1720 328 1754 De
348 1720 487 1755 Martino
504 1722 709 1757 Mellerstadio
733 1725 875 1759 occurrit
898 1735 1009 1760 sermo
1029 1726 1154 1770 passim
1178 1723 1444 1770 apud-historiae
1467 1722 1646 1759 litterariae

183 1776 369 1822 scriptores.
417 1777 529 1814 Unum
552 1781 640 1825 quod
663 1782 706 1816 ad
726 1791 797 1815 rem
820 1787 968 1818 nostram
991 1783 1121 1823 attinet,
1146 1782 1376 1828 adjungimus,
1403 1780 1435 1816 C
1436 1782 1470 1816 el
1477 1782 1509 1816 ti
1515 1792 1532 1815 s
1555 1779 1646 1816 vide-

184 1834 269 1876 licet,
289 1836 347 1880 qui
369 1835 595 1873 familiaritate
620 1849 661 1874 ac
684 1839 830 1880 amicitia
854 1841 1052 1887 conjunctus
1072 1846 1144 1876 erat
1165 1839 1379 1882 Mellerstadio,
1400 1839 1553 1886 populari
1570 1834 1645 1877 suo,

187 1889 354 1927 fortunam
387 1905 523 1930 omnem
556 1896 598 1932 ab
624 1896 682 1933 illa
712 1907 789 1932 curn
819 1896 1024 1934 Ilffellerstaa'io
1055 1898 1286 1945 conjunctione
1314 1897 1531 1945 repetendum
1560 1905 1645 1932 esse.

189 1946 255 1982 Per
278 1947 507 1988 Mellerstadium
537 1954 683 1991 innotuit
709 1953 836 1991 Celtis
859 1955 1011 1993 Fridm'co
1034 1956 1198 1993 Saxoniae
1219 1958 1312 2001 duci3
1342 1957 1437 2004 cujus
1460 1954 1591 1992 monitu
1612 1957 1647 1987 et
1680 1953 1682 1955 ’

189 2004 327 2038 hortatu
351 2006 391 2040 ab
414 2006 616 2053 Imperatore
640 2011 792 2061 Fridefico
822 2015 898 2051 tulit
919 2025 1076 2051 coronam
1099 2016 1255 2052 lauream.
1308 2015 1404 2052 Unde
1427 2019 1536 2049 cetera
1557 2010 1646 2045 illius

191 2061 272 2097 fata.
303 2062 495 2100 Recolenda
510 2066 563 2103 hic
578 2081 628 2112 ea,
652 2081 737 2115 quae
753 2072 898 2111 diximus
919 2074 961 2110 ad
980 2071 1104 2110 Celtis
1119 2080 1225 2111 artem
1237 2071 1425 2117 versificandi
1438 2075 1466 2106 et
1478 2068 1645 2105 emmim-
