1832 2463
736 165 859 191 oum
881 148 1114 192 noswxrtuz.
1593 164 1637 201 79

287 249 444 286 Codicem
459 248 568 293 ipsum
589 246 679 292 quod
690 247 826 287 attinet,
851 248 1023 292 profitetur
1040 247 1108 283 Cel
1113 248 1146 282 ti
1151 258 1186 284 s.
1200 247 1400 294 antiquitate
1414 253 1640 290 venerandum

195 318 278 350 esse,
288 311 525 347 sexcentorum,
543 316 633 340 nunc
648 305 754 341 dicere
770 314 951 351 possumus
963 311 1207 352 nongentorum
1220 316 1395 351 annorum,
1411 309 1658 346 referendum,->

194 377 258 410 que
279 365 321 401 ad
337 370 487 410 tempora
513 361 631 399 ottonis
645 362 674 399 Ι.
698 363 924 408 Imperatoris:
963 364 1185 411 conscriptum
1215 364 1326 400 littera
1355 366 1461 402 ferme
1484 369 1638 410 Gothica‚

192 424 378 458 Germanae
407 421 552 456 mulieris
583 430 695 455 manu.
762 419 899 461 Codex,
935 428 975 457 ut
1005 433 1103 467 porro
1135 422 1309 459 adnotavit
1339 421 1486 465 Celtis,
1529 425 1566 460 in
1597 437 1639 461 eo

192 480 374 516 litterarum
390 489 511 524 genere
522 476 614 512 hau-³.
629 475 713 512 satis
736 476 926 513 exercitatis
942 478 1031 515 lectu
1044 479 1184 516 difficilis
1198 486 1251 516 est
1275 480 1525 527 intellectuque3
1545 484 1640 519 velut

192 548 269 571 cum
289 537 420 581 ponitur
442 535 502 568 sois
524 545 584 578 pro
605 532 683 571 sibi,·
716 534 756 567 tis
778 544 838 577 pro
859 533 934 570 tibi:
964 537 1022 571 nnis
1042 547 1104 581 pro
1121 536 1211 572 mihi:
1245 536 1362 572 debrius
1382 550 1440 583 pro
1456 538 1573 578 ebrium
1601 548 1638 575 et

192 604 277 639 quae
298 597 377 629 sunt
398 591 433 628 id
455 600 561 637 genus
584 590 688 637 plura.

785 696 1023 733 CONTENTA
1037 709 1046 732 :

242 768 278 812 r)
301 768 356 805 Ad
371 765 551 803 Fridericum
568 762 733 801 saxoniae
747 766 883 808 Ducem,
903 772 941 803 et
952 768 1096 804 Romani
1113 767 1242 813 imperii
1256 769 1438 817 principem
1455 772 1636 808 electorem

269 823 477 876 &Conradi
499 822 625 857 Celtis
648 823 807 866 praefatio
829 825 1025 870 epistolaris

238 897 275 937 2)
299 894 491 932 sodalitatis
517 887 696 929 litterariae
716 892 957 938 epigrammata
979 895 1015 930 in
1037 905 1137 942 opera
1158 894 1337 933 Ruminae.

237 965 278 1012 3)
303 965 473 1000 comoediae
495 976 555 1000 sex
580 964 616 999 in
638 963 899 1000 aemulationem
928 964 1063 1003 Ter-mii.

235 1035 277 1083 4)
301 1037 386 1073 Octo
408 1046 523 1072 sacrae
544 1035 709 1088 histqriae,
732 1036 881 1072 versibus
903 1037 1068 1082 elegiacis.

239 1106 279 1152 5)
308 1106 508 1151 Panegyricus
539 1107 690 1142 versibus
719 1106 860 1142 heroicis
899 1101 939 1142 'in
967 1108 1099 1144 laudem
1134 1106 1252 1142 ottonis
1281 1107 1419 1161 Magni,
1467 1108 1567 1153 primi
1603 1108 1638 1143 in

301 1163 479 1198 Germania
501 1162 717 1206 imperatoris.
780 1204 784 1206 λ
1182 1181 1187 1188 1

240 1235 277 1275 6)
299 1232 456 1277 Imagines,

240 1302 278 1350 7)
299 1302 417 1350 Operis
438 1301 598 1337 clausula.

285 1411 309 1446 Ι.
356 1411 504 1456 Epistola
526 1406 773 1452 nuncupatoria,
798 1411 859 1442 aut
880 1409 1041 1452 praefatio
1062 1409 1098 1444 in
1117 1419 1216 1454 opera
1228 1405 1400 1444 Roswithae
1420 1408 1561 1444 verbosa
1576 1413 1640 1444 est:

192 1475 230 1504 at
240 1468 340 1516 Alectu
370 1479 438 1502 non
462 1466 555 1511 indig
680 1464 792 1509 Spirat
814 1465 962 1510 undique
985 1477 1134 1501 amorem
1157 1466 1301 1511 patriae,
1333 1476 1373 1502 ac
1400 1464 1541 1505 Celtis,
1570 1475 1639 1508 quo

192 1526 339 1564 ardebat,
358 1524 508 1559 studium
531 1523 566 1557 in
702 1521 796 1557 endis
813 1521 905 1565 apud
920 1522 1107 1559 Germanos
1124 1523 1218 1558 bonis
1232 1522 1366 1562 artibus,
1390 1533 1431 1556 ac
1447 1521 1638 1556 melioribus

191 1581 319 1616 litteris.
364 1582 417 1615 Eo
443 1582 578 1625 quidem
600 1578 737 1615 consilio
756 1577 893 1619 asserit,
923 1589 962 1614 se
983 1590 1175 1625 peragrasse
1197 1578 1411 1614 Germaniam
1433 1578 1635 1618 universam,

192 1636 301 1681 longis
316 1641 352 1669 et
367 1636 553 1669 difficilibus
565 1635 891 1678 peregrinationibus,
914 1647 982 1670 non
994 1636 1067 1671 sine
1074 1637 1203 1680 jactura
1222 1636 1276 1670 sui
1297 1635 1424 1679 peculii,
1447 1645 1637 1679 prosperae-

190 1703 258 1742 que
284 1690 500 1727 valetudinis:
542 1689 698 1725 Italorum
729 1700 767 1722 se
796 1690 948 1732 exemplo
978 1691 1182 1729 excitatum,
1217 1692 1377 1726 lustrasse
1407 1691 1635 1731 bibliothecas,

191 1750 362 1795 praecipue
384 1747 605 1787 monasticas,
632 1751 671 1781 ut
693 1745 879 1789 indagaret,
902 1745 960 1790 qui
982 1756 1059 1782 cum
1080 1747 1167 1789 situ,
1198 1748 1351 1794 pulvere,
1375 1749 1478 1789 carie,
1511 1749 1633 1789 blattis,

191 1805 355 1855 tinessque
377 1805 434 1840 diu
457 1809 655 1842 certassent,
688 1803 819 1838 codices
840 1802 914 1838 sive
936 1804 1101 1841 Graecos,
1126 1806 1200 1841 sive
1222 1805 1360 1840 Latinos
1367 1817 1378 1848 3
1408 1817 1492 1850 quos
1522 1812 1638 1850 posset

194 1874 256 1910 ope
278 1862 360 1899 artis
383 1863 658 1909 typographicae,
682 1861 718 1896 in
740 1860 833 1906 plura
856 1861 1055 1907 exemplaria
1077 1864 1322 1908 transscriptos,
1345 1873 1423 1897 cum
1443 1862 1638 1913 hominibus

193 1920 318 1979 nostgis
340 1921 592 1956 communioere.
640 1919 742 1964 quue
774 1928 812 1953 se
833 1919 1045 1963 potissimum
1071 1920 1204 1960 decere,
1241 1920 1299 1964 qui
1322 1918 1468 1954 Friderici
1491 1919 1640 1956 Saxonis

193 1978 281 2015 diacon
300 1983 330 2013 et
351 1979 477 2018 monitu,
507 1989 550 2013 ex
571 1976 796 2023 Imperatoriis
821 1977 989 2018 manibus,
1019 1977 1105 2014 inter
1126 1978 1312 2017 Germanos
1335 1977 1467 2022 primus
1489 1977 1639 2013 lauream

193 2037 418 2084 Apollinarem
431 2036 554 2073 tulerit.
599 2034 714 2077 Addit.
739 2047 776 2073 se
791 2045 898 2080 nuper
910 2035 1072 2081 reperisse
1093 2034 1130 2071 in
1144 2036 1291 2081 quodam
1305 2035 1458 2071 coenobio
1469 2034 1639 2070 Rorwithae

195 2107 303 2143 opera.
349 2094 545 2134 Exhibuisse
558 2106 601 2132 ea
620 2095 659 2133 in
670 2090 964 2141 Narinshergmsibus
976 2093 1122 2132 comifi'ss
1133 2091 1286 2131 Fridevico
1302 2094 1469 2132 Saxoniae
1484 2093 1639 2136 electori;

0 2451 81 2463 mmm„
89 2442 150 2463 dmi«.
159 2458 228 2463 .)-,,,,,,
239 2448 282 2463 MN..
303 2461 307 2463 i
