1832 2463
218 171 261 216 δὲ
310 202 319 206 -
765 188 836 214 ιιι.
861 188 905 214 ιι.
942 188 1021 214 cn.
1046 166 1119 214 xri.

213 263 345 318 angulis
369 279 494 309 veteres
517 271 645 305 codices
676 269 911 314 protrahebant
939 267 976 303 in
998 269 1127 309 lucem,
1158 268 1217 313 qui
1239 268 1296 304 diu
1316 269 1456 314 sepulti,
1482 278 1562 309 ‘cum
1580 259 1669 312 situl

215 330 336 371 tineis,
369 329 529 365 vermibus
556 325 806 362 dimicaverant.
873 325 1010 370 indigne
1041 325 1189 361 ferebant
1222 324 1323 360 hasce
1356 337 1440 372 opes
1474 328 1650 366 litter-arias

214 387 340 431 negligi
368 397 389 420 a
412 384 603 420 Germanis:
636 395 715 419 cum
745 384 817 419 Itali
845 395 888 419 ex
912 384 1037 419 nostris
1059 374 1266 423 bibliothecis
1282 383 1490 426 ‘abstulerint
1521 387 1653 423 codices

215 444 339 487 plures,
369 452 449 485 quos
479 440 572 484 typis
594 440 844 485 impresserunt.
891 441 977 475 Rem
999 441 1086 474 hanc
1108 446 1266 484 tanquam
1290 441 1459 485 indignam
1482 443 1657 477 Germano

211 498 359 537 nomine,
392 497 448 532 his
472 496 582 539 verbis
614 496 781 543 eloquitur
811 495 958 532 Celtis.
990 497 1101 539 ‚Quo
1129 497 1214 532 circa
1247 507 1327 532 cum
1356 497 1514 535 vidissem
1544 499 1652 534 multa

209 555 421 600 „praeclara,
447 560 482 589 et
504 554 647 589 illustria
670 556 891 601 exemplaria,
914 560 1078 599 tanquam
1099 554 1249 598 egregia,
1283 561 1317 589 et
1343 555 1466 605 optima
1490 557 1651 600 quaedam

209 611 279 652 „de
301 610 396 645 nobis
420 611 544 656 spolia,
569 613 611 647 ab
634 612 724 647 Italis
748 624 768 647 e
787 612 968 647 Germania
990 612 1026 646 in
1046 611 1174 646 ltaliam
1197 610 1321 650 delata,
1345 611 1455 656 ibique
1477 613 1651 657 impressa,
1668 623 1669 626 ¹

209 668 427 712 „cogitabam
455 675 490 703 et
519 680 606 713 ego,
646 670 688 708 ad
708 681 766 705 me
799 671 969 705 hominem
1009 668 1045 704 in
1068 668 1176 703 media
1200 669 1397 705 Germania.
1431 676 1465 705 et
1496 669 1669 706 Hercinia'

208 731 373 765 ‚,natum,
409 725 630 760 successionis
663 733 698 761 et
728 726 920 761 hereditatis
948 726 1023 770 jure·
1052 730 1203 768 spectare
1224 725 1355 764 debere,
1396 731 1435 760 ut
1453 727 1595 762 latentes
1617 728 1653 762 in

208 782 379 822 „obscuro
411 781 560 822 codices,
592 782 684 817 velut
714 788 853 820 venator
881 781 1054 828 egregius,
1083 778 1238 816 elicerem
1245 783 1269 822 ,⁰
1287 777 1528 827 Germanisque
1554 779 1669 824 meist·

210 839 331 885 „typis
354 849 495 886 procusa
516 839 716 879 traderem.“.

329 901 354 921 Φ

299 938 419 983 Neque
441 938 765 983 praetermittendam
787 937 849 974 sibi
866 941 1022 984 putarunt
1045 935 1173 972 sodales
1191 935 1343 972 litterarii
1361 929 1539 977 Musimm‘
1559 937 1651 974 velut

209 999 334 1034 artem,
370 1005 456 1040 quae
483 996 647 1032 mentium
678 996 901 1031 humanarum
937 1000 989 1030 est
1018 994 1244 1037 dominatrix;
1282 999 1321 1029 ut
1353 1000 1444 1039 patet
1481 1005 1524 1030 ex
1553 1005 1652 1040 opere

209 1050 399 1095 Melopoeae,
431 1053 521 1097 quod
551 1052 733 1088 ediderunt.
797 1052 890 1087 Idem
918 1050 1091 1087 conficitur
1122 1061 1165 1085 ex
1187 1051 1443 1091 conventiculis,
1474 1051 1510 1085 in
1531 1051 1654 1095 quibus

201 1105 403 1152 jucunditati
423 1119 461 1144 se
477 1109 578 1145 dabat
598 1109 745 1145 litterata
767 1108 888 1144 cohors
907 1109 950 1144 ad
970 1107 1167 1143 relaxandos
1183 1108 1321 1143 animos.
1367 1107 1455 1143 Inter
1474 1114 1653 1144 concentus

206 1165 363 1204 musicos,
385 1171 487 1210 atque
507 1165 624 1211 pocula
646 1165 860 1210 disputabant
883 1166 925 1199 de
946 1164 1128 1210 philologia
1152 1164 1271 1204 Latini,
1290 1165 1419 1205 Graeci,
1441 1170 1476 1200 et
1496 1162 1654 1201 Hebraici

205 1222 378 1273 sermonis,
408 1222 452 1257 de
472 1221 549 1267 jure
573 1221 776 1267 pontificum,
800 1226 835 1256 et
857 1221 1112 1267 imperatorum,
1134 1221 1177 1256 de
1199 1231 1297 1256 curru
1311 1221 1473 1262 siderum,
1497 1222 1540 1256 de
1559 1222 1652 1257 fluxu

204 1283 239 1312 et
261 1278 389 1314 refluxu
411 1279 533 1319 maris,
572 1279 700 1324 origine
722 1278 885 1318 fontium,
917 1278 1083 1314 coloribus
1105 1277 1210 1319 indis,
1241 1283 1359 1319 vento,
1391 1288 1487 1319 aere,
1517 1280 1652 1320 nebula,

203 1334 346 1381 aliisque
371 1335 545 1375 meteoris,
575 1339 611 1369 et
641 1340 785 1380 quatuor
805 1335 887 1369 anni
908 1335 1178 1380 tempestatibus,
1208 1334 1373 1380 rebusque
1394 1334 1532 1375 ceteris,
1570 1346 1652 1380 quas

206 1392 438 1434 complectitur
469 1391 552 1425 haec
578 1397 715 1425 naturae
743 1391 952 1425 universitas.
1018 1391 1117 1425 Haec
1147 1391 1301 1435 quidem,
1331 1397 1366 1425 et
1395 1391 1459 1426 alia
1490 1392 1652 1428 sodalium

207 1446 448 1482 litterariorum
476 1446 587 1480 studia
617 1445 712 1480 nobis
734 1445 945 1479 innotescunt
977 1451 1050 1480 tum
1080 1456 1123 1480 ex
1144 1445 1273 1490 scriptis
1297 1444 1480 1486 Celticis,
1511 1454 1585 1482 tum
1609 1459 1653 1484 ex

210 1503 395 1539 amicorum
416 1502 460 1537 ad
487 1500 631 1537 Celtem
654 1499 800 1547 epistolis
830 1502 866 1538 in
888 1508 1002 1538 nostro
1024 1502 1097 1538 cod.
1120 1512 1221 1546 msc.;
1250 1511 1335 1548 quae
1358 1502 1545 1561 distinctius
1567 1504 1654 1542 alias

207 1559 423 1605 proferemus.

298 1653 398 1689 Nunc
421 1652 531 1687 solum
553 1651 737 1698 generatim
761 1651 978 1687 adnotamus:
1015 1644 1058 1686 de
1077 1650 1169 1687 hisce
1191 1650 1416 1688 sodalitatibus
1439 1663 1543 1699 pauca
1564 1665 1650 1697 esse,

206 1720 289 1754 quae
317 1710 412 1746 nobis
441 1710 525 1745 satis
551 1714 715 1744 constent.
769 1709 862 1743 Nihil
891 1719 975 1742 sane
998 1714 1145 1747 certum,
1175 1707 1457 1753 exploratumque
1478 1710 1650 1752 habemus,

205 1766 247 1801 de
265 1772 425 1811 tempore,
449 1775 515 1809 quo
531 1757 679 1809 praecise
698 1763 880 1799 coaluerint
901 1765 985 1799 haec
999 1762 1161 1803 sodalitia,
1185 1763 1267 1797 nihil
1289 1764 1332 1798 de
1351 1764 1489 1809 legibus,
1513 1767 1651 1803 statutis

203 1835 318 1863 eorum
341 1823 386 1858 ad
402 1834 466 1858 nos
486 1821 645 1868 pervenit.
691 1819 847 1856 Rhmanae
872 1828 906 1858 et
920 1818 1120 1857 Dambimae
1142 1819 1314 1857 societatis
1336 1821 1496 1867 quosdam
1516 1823 1649 1861 sodales

209 1893 249 1917 ex
269 1879 441 1917 Roswithae
471 1886 507 1915 et
529 1877 654 1924 Apuleii
684 1878 838 1923 operibus
874 1889 895 1914 a
926 1878 1032 1916 Celte
1063 1878 1162 1914 editis
1199 1878 1427 1923 cognovimus.
1495 1880 1649 1919 Aliorum

207 1944 364 1972 coetuum
382 1938 440 1972 vix
455 1937 556 1973 unius
570 1935 753 1971 alteriusve
771 1936 850 1972 socii
868 1946 992 1972 nomen
1014 1935 1109 1971 nobis
1127 1935 1298 1980 cognitum
1313 1942 1384 1980 est,·
1405 1937 1512 1974 multo
1525 1939 1649 1982 minus,

208 1995 344 2039 quinam
365 1994 486 2028 suerint
505 2003 623 2029 eorum
639 1993 928 2029 contuberniomm
952 1992 1123 2039 principes.
1168 1989 1232 2040 30.
1247 1990 1449 2038 Datburgm
1471 1995 1649 2040 principem

206 2051 310 2088 fuisse
332 2050 514 2086 sodalitatis
534 2051 726 2089 Rhenanae,
750 2056 784 2085 et
805 2048 868 2098 ffo.
897 2049 1049 2086 Wte'zium
1063 2049 1301 2091 Danubianae,
1332 2048 1432 2087 dubio
1453 2056 1554 2087 caret.
1600 2052 1649 2089 At

209 2109 278 2145 vita
299 2107 417 2143 functo
441 2104 505 2155 07⁰·
526 2105 700 2153 Datburgio
721 2117 773 2142 an.
792 2109 894 2150 1503,
922 2113 957 2144 et
978 2104 1033 2155 QJ'o
1052 2105 1098 2143 V
1085 2108 1174 2144 tezw
1202 2118 1260 2146 an
1279 2107 1368 2146 1499
1405 2114 1507 2145 nemo
1526 2107 1649 2155 legitur
