1832 2463
679 176 799 203 uma
823 173 1058 203 zoswxrnu.
1220 155 1225 158 ’
1580 169 1621 202 8¹

751 256 844 287 Aliud
860 255 989 295 ejusdem

420 319 502 365 Afro
524 322 597 356 laus
620 331 754 356 scenae:
784 321 857 366 lyra
882 319 1006 355 Flacco.-
1037 319 1123 356 bella
1145 318 1293 353 Maroni.-

489 378 708 424 Multiplicem
730 378 861 415 laurum
881 376 1038 413 Roswitha
1060 378 1160 414 docta
1181 377 1279 423 gerit.

263 459 351 494 Dum
366 457 506 506 ι,ῗυαηηω
521 458 709 503 Datburgius
731 459 849 494 dicitur
867 470 922 503 per
936 459 1100 493 universam
1114 457 1309 493 Germaniam
1330 456 1502 492 sodalitatis
1516 458 1632 493 [ἰθεῖα-

171 516 233 551 riae
255 515 419 563 Princeps.-
454 516 646 562 opinamur,
678 516 870 561 septenariam
897 515 987 551 illam
1016 515 1209 556 litterariam
1231 515 1459 557 sodalitatem,
1494 516 1537 552 de
1561 527 1630 563 qua

170 585 286 620 supra,
310 574 446 609 nonnisi
468 585 557 608 unam
578 574 689 614 fuisse,
715 580 776 608 aut
799 574 900 607 unius
925 574 1136 618 ejusdemque
1158 574 1308 609 surculos
1332 574 1460 618 plures,
1486 576 1548 610 sub
1560 587 1629 610 uno

173 632 334 667 duntaxat
355 630 516 675 Principe.
570 630 742 666 Habuerat
772 630 923 675 equidem
947 622 1147 669 Darnabiana,
1177 635 1217 666 ut
1267 631 1275 637 '
1300 631 1405 670 imus,
1443 628 1628 676 Principem

172 688 357 736 proprium,
379 684 534 737 ρῗοαηηεηι
561 686 733 724 Vitezium:
768 694 819 729 at,
854 693 931 734 post
956 687 1027 735 ejus
1052 688 1196 731 obitum,
1289 680 1293 683 ⁷
1321 700 1360 724 ur
1383 689 1474 725 unita
1496 690 1628 731 ceteris,

169 748 230 783 suh
251 745 367 782 eodem
391 747 540 792 Principe
561 744 689 793 <⁸J'oanne
709 744 892 791 Datburgio.

488 845 650 890 Jo'ANan
676 862 934 892 'rmn-mmrus,
964 848 1057 886 abbas
1080 852 1116 886 ivr
1133 850 1300 897 sponheim.

380 920 449 957 cur
472 933 539 956 non
561 921 734 956 laudemus
754 922 941 956 Germanae
965 922 1087 967 scripta
1109 922 1259 967 puellae?

467 979 559 1019 Quae
584 978 613 1014 si
638 979 765 1014 Graeca
787 983 893 1013 esset:
920 977 991 1024 jam
1014 980 1086 1015 Dea
1108 985 1200 1014 certa
1222 978 1316 1014 foret.

377 1037 495 1077 Adde,
529 1037 620 1082 quod
643 1037 708 1071 hos
732 1036 853 1082 censuit
880 1046 982 1080 quam
1004 1037 1115 1081 prisco
1137 1043 1289 1081 tempore
1312 1047 1448 1071 versus:

466 1093 558 1129 Hinc
583 1097 784 1128 sexcenteno
805 1093 959 1128 Phoebus
984 1094 1026 1129 ab
1050 1095 1129 1130 orbe
1151 1094 1246 1129 redit.

259 1186 454 1232 Priusquam
480 1183 607 1219 Celtis
628 1182 799 1218 Roswithae
821 1195 920 1229 opera
950 1185 1157 1230 typographo
1181 1184 1372 1218 excudenda
1396 1183 1557 1218 traderet:
1587 1196 1627 1220 ea

168 1244 354 1289 impertitus
376 1249 430 1279 est
451 1239 576 1289 ρῗοαηηί
598 1239 764 1281 Trithemio,
787 1240 846 1285 qui
869 1247 908 1276 ut
930 1238 1118 1287 exemplum
1140 1242 1277 1277 haberet
1299 1241 1365 1274 rari
1386 1241 1524 1281 codicis,
1548 1253 1626 1276 eum

167 1300 362 1347 descripsit,
400 1299 627 1345 reponendum
657 1297 693 1333 in
715 1297 927 1340 bibliotheca,
966 1304 1125 1345 tanquam
1162 1298 1348 1345 pretiosum
1378 1298 1425 1333 rei
1448 1298 1627 1334 litterariae

168 1358 388 1401 thesaurum3
418 1357 510 1392 velut
531 1356 737 1400 perspicuum
759 1361 812 1391 est
842 1367 883 1390 ex
906 1353 970 1403 <3⁰-
1000 1356 1151 1393 Trithemii
1174 1357 1315 1400 epistola
1339 1357 1383 1390 ad
1408 1353 1473 1389 Cel
1480 1360 1569 1397 ηυγ,
1593 1358 1628 1391 in

167 1415 237 1450 cod.
263 1421 381 1450 nostro
404 1424 487 1450 msc.
508 1412 687 1457 epistolari.
1581 1416 1587 1419 ·

626 1515 863 1541 HENRICUS
894 1517 940 1542 DE
966 1516 1149 1543 BURAW-

375 1578 547 1618 Quantum
571 1576 747 1611 Germanis
772 1576 909 1612 faveant
932 1578 985 1622 pia
1007 1577 1145 1612 numina
1168 1576 1264 1614 coeli,

470 1632 545 1665 Hac
569 1641 658 1665 nunc
682 1629 717 1665 in
743 1633 840 1667 docta
864 1622 992 1678 virgi‘ne
1017 1644 1118 1668 nosse
1141 1638 1245 1677 potes.

372 1686 467 1722 Haec
490 1692 618 1721 veteres
643 1695 775 1723 sanctos
800 1696 894 1724 vates
918 1691 1106 1725 veneranda
1128 1692 1299 1722 recenset:

465 1744 512 1778 Et
533 1743 606 1787 plus
631 1754 733 1787 quam
756 1744 889 1788 Sappho
912 1746 1061 1780 carmina
1084 1750 1177 1778 casta
1199 1744 1302 1779 canit.

251 1823 404 1860 'chricus
427 1835 446 1857 a
461 1822 591 1863 Bunaw,
623 1822 783 1860 Trithemio·
803 1825 871 1861 Lib.
885 1825 923 1861 ΙΙ.
948 1837 998 1873 ep.
1018 1829 1050 1863 ὁ.
1076 1825 1185 1861 dictus
1206 1825 1289 1860 miles
1311 1829 1340 1859 et
1358 1828 1458 1860 orator
1475 1823 1626 1863 Fridm‘ci

175 1884 299 1922 Saxon.
311 1883 460 1917 electum
484 1892 504 1916 a
518 1880 708 1916 Burcklmdo
733 1894 764 1928 p.
779 1889 855 1924 280,
875 1884 910 1918 P.
923 1884 961 1920 Π.
987 1885 1033 1919 de
1043 1884 1121 1919 fatis
1140 1884 1214 1918 L.L.
1238 1883 1361 1917 relatus
1385 1883 1460 1915 inter
1474 1883 1625 1920 meliorum

171 1944 333 1978 [iturarum
345 1939 560 1974 amantissimos
572 1941 686 1982 equites,
706 1945 733 1975 et
745 1946 872 1975 strenuos
887 1940 1025 1977 vindicer.
1072 1941 1253 1989 Acceperat
1266 1939 1422 1979 Hmricus,
1441 1937 1629 1978 Womatiae

170 2011 267 2036 crure
289 1997 396 2034 fracto
418 2002 493 2032 tum
509 1996 726 2039 decumbens,
750 2011 770 2035 a
791 1997 946 2034 Trithemio
962 2000 1096 2035 codices
1115 1998 1303 2039 nonnullos,
1327 2000 1545 2035 commodato
1568 2001 1631 2037 sibi

167 2059 285 2100 datos;
315 2066 396 2101 quos
429 2060 507 2089 ante
531 2055 676 2096 obitum,
710 2068 788 2092 more
809 2068 878 2096 suo,
909 2069 977 2091 non
1001 2045 1156 2092 restituit.
1210 2052 1315 2101 'Egit
1332 2057 1423 2102 apud
1445 2055 1629 2093 Friderimm

169 2115 330 2153 saxoniae
346 2114 522 2151 electorem
546 2110 728 2157 Tritbemiut,
754 2120 792 2151 ut
813 2114 964 2152 defuncti·
977 2115 1097 2152 haeres
1111 2115 1386 2164 compelleretur,
1410 2115 1453 2152 ad
1466 2116 1631 2154 reddenda

1372 2176 1412 2207 12
